timestamp,bid,ask,last,buyVolume,sellVolume,buySellVolumeRatio
1516114868929,1076.58000001,1081,1081,0.07750523000000001,4.1002521000000005,0.018902552357695276
1516114870697,1076.58000001,1081,1081,0.06685591,4.1002521000000005,0.016305316934049005
1516114873040,1076.58000001,1081,1081,0.0344191,4.1002521000000005,0.008394386286638326
1516114875013,1076.58000001,1081,1081,0.0344191,4.1002521000000005,0.008394386286638326
1516114877620,1076.7,1081,1081,0.0344191,4.1002521000000005,0.008394386286638326
1516114879345,1076.7,1081,1081,0.0344191,4.1002521000000005,0.008394386286638326
1516114882569,1076.7,1081,1081,0.0344191,3.5395044400000004,0.009724270892565966
1516114883699,1076.7,1081,1081,0.0344191,3.5395044400000004,0.009724270892565966
1516114884871,1076.12000001,1081,1081,0.0344191,2.9787567800000003,0.011554854102589739
1516114886612,1076.12000001,1081,1081,0.0344191,2.9787567800000003,0.011554854102589739
1516114890695,1081.55,1082.18148,1081,0.49999325,1.36800912,0.36548970521483076
1516114891543,1081.55,1082.18148,1081,0.49999325,1.36800912,0.36548970521483076
1516114894599,1081.55,1082.18148,1081,0.49999325,1.36800912,0.36548970521483076
1516114894779,1081.55,1082.18148,1081,0.49999325,1.36800912,0.36548970521483076
1516114896677,1081.55,1082.18148,1081,0.49999325,1.36800912,0.36548970521483076
1516114898899,1081.55,1082.18148,1081,0.49999325,1.36800912,0.36548970521483076
1516114900654,1081.55,1082.18148,1081,0.49999325,1.36800912,0.36548970521483076
1516114902873,1082.69171839,1085.8,1082.18148,0.49999325,0,
1516114905981,1082.18148001,1085.8,1082.18148,0.49999325,0,
1516114908143,1082.18148001,1086.67,1082.18148,0.49999325,0,
1516114908619,1082.18148001,1086.67,1082.18148,0.49999325,0,
1516114911675,1086.67,1088.74,1082.18148,0.49999325,0,
1516114912621,1086.67,1088.74,1082.18148,0.49999325,0,
1516114914619,1086.67,1090,1082.18148,0.49999325,0,
1516114916625,1086.67,1090,1082.18148,0.49999999999999994,0,
1516114921172,1086.67,1090,1082.18148,0.49999999999999994,0,
1516114921181,1086.67,1090,1082.18148,0.49999999999999994,0,
1516114926652,1086.67,1090,1082.18148,0.39358709,0,
1516114927748,1086.67,1090,1082.18148,0.36739692999999995,0,
1516114928310,1086.67,1090,1082.18148,0.39358709,0,
1516114929939,1086.67,1090,1082.18148,0.39358709,0,
1516114931656,1090.545,1092.37,1090,0.17785143999999997,0,
1516114943840,1090.55,1095,1090,0.026190159999999997,0,
1516114946501,1090.55,1095,1090,0.026190159999999997,0,
1516114946839,1090.55,1095,1095,0.026190159999999997,0,
1516114946917,1090.55,1095,1095,0.026190159999999997,0,
1516114947618,1090.55,1095,1095,0.026190159999999997,0,
1516114948685,1090.55,1095,1095,0.026190159999999997,0,
1516114959654,1090.55,1095,1095,0.076,0,
1516114959973,1090.55,1095,1095,0.076,0,
1516114963642,1090.55,1095,1095,0.076,0,
1516114963689,1090.55,1095,1095,0.076,0,
1516114963694,1090.55,1095,1095,0.076,0,
1516114963699,1090.55,1095,1095,0.076,0,
1516114964852,1090.55,1095,1095,0.076,0,
1516114967878,1090.55,1095,1095,0.076,0,
1516114970080,1090.55,1095,1095,0.076,0,
1516114972691,1090.55,1095,1095,0.076,0,
1516114974658,1090.55,1095,1095,0.076,0,
1516114976557,1090.55,1094,1094,0.076,0,
1516114976638,1090.55,1094,1094,0.076,0,
1516114978719,1090.55,1094,1094,0.076,0,
1516114980676,1090.55,1094,1094,0.076,0,
1516114982789,1090.55,1093.99999999,1094,0.076,0,
1516114984820,1090.55,1094,1094,0.076,0,
1516114987113,1090.55,1094,1094,0.076,0,
1516114988648,1090.55,1094,1094,0.076,0,
1516114990685,1090.55,1094,1094,1.45278159,0,
1516114994693,1090.55,1094,1094,1.45278159,0,
1516114995688,1090.55,1094,1094,1.45278159,0,
1516114996664,1090.55,1094,1094,1.45278159,0,
1516114998691,1090.55,1094,1094,1.45278159,0,
1516115003199,1090.55,1094,1094,1.45278159,0,
1516115004665,1090.55,1094,1094,1.41278159,0,
1516115006633,1086.80000011,1094.999,1094.999,1.41278159,0,
1516115006673,1086.80000011,1094.999,1094.999,5.46721786,0,
1516115008726,1086.80000011,1094.999,1094.999,5.46721786,0,
1516115010955,1086.67,1092.99,1092.99,5.46721786,0,
1516115012886,1086.67,1092.99,1092.99,5.46721786,0,
1516115014746,1086.67,1092.99,1092.99,5.46721786,0,
1516115016807,1086.67,1093.36,1092.99,5.46721786,0,
1516115018685,1086.67,1093.36,1092.99,5.45810827,0,
1516115020671,1086.67,1092.57,1092.99,5.45810827,0,
1516115022787,1086.67,1092.57,1092.99,5.45810827,0,
1516115024669,1086.67,1092.57,1092.99,4.05443627,0,
1516115026759,1087.0600001,1094.04,1092.99,4.05443627,0,
1516115028706,1087.0600001,1094.04,1092.99,10.683874999999999,6.85127607,1.5593992842854454
1516115032928,1087.0600001,1094.04,1092.99,10.683874999999999,6.85127607,1.5593992842854454
1516115035668,1088.34,1097.999,1087.06000001,8.619492999999999,6.85127607,1.2580857802158305
1516115036696,1088.34,1097.999,1087.06000001,8.619492999999999,6.85127607,1.2580857802158305
1516115036846,1087.0600001,1094.04,1092.99,8.619492999999999,6.85127607,1.2580857802158305
1516115038712,1088.34,1097.999,1087.06000001,8.619492999999999,6.85127607,1.2580857802158305
1516115040696,1088.34,1097.999,1087.06000001,8.619492999999999,6.85127607,1.2580857802158305
1516115044751,1088.34,1097.999,1087.06000001,6.6294387299999995,6.85127607,0.9676210186637537
1516115046791,1088.34,1097.999,1087.06000001,6.6294387299999995,6.85127607,0.9676210186637537
1516115047471,1089.97000001,1096.97,1088.51000001,6.6294387299999995,6.85127607,0.9676210186637537
1516115048832,1090.17,1100,1100,6.6294387299999995,6.85127607,0.9676210186637537
1516115050839,1089.971,1099.99999999,1100,6.6294387299999995,6.85127607,0.9676210186637537
1516115053293,1090.5,1099.99999999,1100,6.6294387299999995,6.85127607,0.9676210186637537
1516115055416,1091.99,1100,1100,6.6294387299999995,6.85127607,0.9676210186637537
1516115058744,1091.99,1100,1100,11.63533034,11.040512669999998,1.0538759102750979
1516115060761,1091.99,1100,1100,11.6234915,4.2272365999999995,2.749666649839283
1516115062768,1090,1097.44,1091.99,0.90535218,0,
1516115062786,1091.99,1100,1100,5.91124379,4.2272365999999995,1.398370696828278
1516115065831,1090.15,1097.44,1091.99,5.093655310000001,4.2272365999999995,1.2049610163765145
1516115067804,1091.03,1097.22,1091.99,5.093655310000001,4.2272365999999995,1.2049610163765145
1516115070723,1090,1097.22,1091.99,5.005891610000001,4.2272365999999995,1.184199533567627
1516115071654,1090,1097.22,1091.99,5.005891610000001,4.2272365999999995,1.184199533567627
1516115072923,1090.001,1096,1091.99,5.005891610000001,4.2272365999999995,1.184199533567627
1516115075740,1090.00100001,1096.71,1096,5.005891610000001,4.2272365999999995,1.184199533567627
1516115076709,1090.00100001,1096.71,1096,5.005891610000001,4.2272365999999995,1.184199533567627
1516115078850,1090.52000001,1096.99,1096,5.005891610000001,4.2272365999999995,1.184199533567627
1516115080957,1090.52000001,1096.99,1096,15.729382199999996,4.7807527599999995,3.2901475959196014
1516115082822,1090.52000001,1096.99,1096,15.729382199999996,4.7807527599999995,3.2901475959196014
1516115086067,1090.76,1097.44,1096,15.729382199999996,4.7807527599999995,3.2901475959196014
1516115087223,1090.76,1097.44,1096,15.729382199999996,4.7807527599999995,3.2901475959196014
1516115090729,1090.81000001,1097.44,1096,10.723490589999997,4.665352759999999,2.298537997371071
1516115092859,1090.81000001,1097.44,1096,10.723490589999997,4.665352759999999,2.298537997371071
1516115095151,1090.81000001,1097.44,1096,10.723490589999997,4.665352759999999,2.298537997371071
1516115096735,1090.81000001,1097.44,1096,10.723490589999997,4.665352759999999,2.298537997371071
1516115097579,1092.03,1097.44,1096,10.723490589999997,4.665352759999999,2.298537997371071
1516115098735,1091.16000001,1097.44,1096,10.723490589999997,4.665352759999999,2.298537997371071
1516115100721,1092.03,1097.44,1096,10.723490589999997,4.665352759999999,2.298537997371071
1516115104711,1092.03,1097.44,1096,10.723490589999997,0.55351616,19.373401112625142
1516115106718,1092.03,1097.44,1096,10.723490589999997,0.55351616,19.373401112625142
1516115107637,1092.03,1092.61945,1092.61945,1.65530877,0.55351616,2.9905337723111822
1516115110716,1092.03,1092.61945,1092.61945,1.65530877,0.55351616,2.9905337723111822
1516115112761,1092.03,1092.61945,1092.61945,1.65530877,0.55351616,2.9905337723111822
1516115115057,1092.03,1092.61945,1092.61945,1.65530877,0.55351616,2.9905337723111822
1516115115479,1092.03,1092.61945,1092.61945,1.65530877,0.55351616,2.9905337723111822
1516115116803,1092.03,1092.61945,1092.61945,1.65530877,0.55351616,2.9905337723111822
1516115118703,1092.03,1092.61945,1092.61945,1.65530877,0,
1516115122723,1092.03,1092.61945,1092.61945,2.8028977900000003,9.59179042,0.29221841463045645
1516115124751,1092.03,1092.61945,1092.61945,2.8028977900000003,9.59179042,0.29221841463045645
1516115125715,1092.03,1092.48,1092.03,2.8028977900000003,9.59179042,0.29221841463045645
1516115126735,1092.03,1092.35,1092.03,2.8028977900000003,9.59179042,0.29221841463045645
1516115128778,1092.03,1092.35,1092.03,2.8028977900000003,9.59179042,0.29221841463045645
1516115131709,1092.03,1092.22,1092.03,2.8028977900000003,9.59179042,0.29221841463045645
1516115132759,1092.03,1092.22,1092.03,1.14758902,9.59179042,0.11964283723371846
1516115134856,1092.03,1092.55,1092.03,1.14758902,9.59179042,0.11964283723371846
1516115136788,1092.03,1092.55,1092.03,1.14758902,9.59179042,0.11964283723371846
1516115138758,1092.03,1092.55,1092.03,1.14758902,9.59179042,0.11964283723371846
1516115142740,1092.03,1092.55,1092.03,1.14758902,9.59179042,0.11964283723371846
1516115144721,1092.03,1092.55,1092.03,1.14758902,9.59179042,0.11964283723371846
1516115145848,1093,1097.43999999,1093,1.14758902,9.59179042,0.11964283723371846
1516115147252,1093,1097.43999999,1093,1.65737065,15.19821623,0.10905034017929617
1516115148755,1093,1097.43999999,1093,1.65737065,15.19821623,0.10905034017929617
1516115150761,1093,1097.43999999,1093,1.65737065,15.19821623,0.10905034017929617
1516115152767,1093,1097.44,1093,1.65737065,15.19821623,0.10905034017929617
1516115155076,1093,1097.44,1093,1.65737065,15.19821623,0.10905034017929617
1516115157888,1093,1097.44,1093,1.65737065,15.19821623,0.10905034017929617
1516115158742,1093,1097.44,1093,1.65737065,15.19821623,0.10905034017929617
1516115160829,1093,1097.44,1093,0.80978163,14.64613055,0.05528980007623925
1516115162768,1093,1097.43999999,1093,0.80978163,6.158723169999999,0.13148531077749354
1516115164878,1093,1097.44,1093,0.80978163,5.606425809999999,0.14443812465254047
1516115166870,1093,1097.44,1093,0.50978163,5.606425809999999,0.09092809702229879
1516115168755,1093,1097.44,1093,0.50978163,5.606425809999999,0.09092809702229879
1516115170813,1093.0000001,1097.44,1093,0.50978163,5.606425809999999,0.09092809702229879
1516115187287,1093.0000001,1097.43999999,1093.0000001,0.50978163,3.01211947,0.16924349617513676
1516115188784,1093.0000001,1097.43999999,1093.0000001,0.50978163,3.01211947,0.16924349617513676
1516115188801,1093.0000001,1097.43999998,1093.0000001,0.50978163,3.01211947,0.16924349617513676
1516115189738,1093.0000001,1097.43999998,1093.0000001,0.50978163,2.4604953800000002,0.20718658289047465
1516115189747,1093.0000001,1097.43999998,1093.0000001,0.50978163,2.4604953800000002,0.20718658289047465
1516115190819,1093.0000001,1097.43999998,1093.0000001,0.24978163,2.26049538,0.11049862442098864
1516115207858,1093.0000001,1097.43999999,1093.0000001,0.55785801,43.24379503000001,0.012900301872511209
1516115209853,1093.0000001,1097.43999999,1093.0000001,0.55785801,43.043795030000005,0.012960242227972527
1516115210125,1093.0000001,1097.43999999,1093.0000001,0.55785801,43.043795030000005,0.012960242227972527
1516115210947,1093.0000001,1097.43999999,1093.0000001,0.55785801,43.043795030000005,0.012960242227972527
1516115210953,1093.0000001,1097.43999999,1093.0000001,0.55785801,43.043795030000005,0.012960242227972527
1516115210959,1093.0000001,1097.43999999,1093.0000001,0.55785801,43.043795030000005,0.012960242227972527
1516115211050,1093.0000001,1097.43999999,1093.0000001,0.55785801,43.043795030000005,0.012960242227972527
1516115212819,1093.0000001,1097.439,1093.0000001,0.55785801,42.490794550000004,0.013128914530971038
1516115214855,1093.0000001,1097.43899999,1093.0000001,0.55785801,42.490794550000004,0.013128914530971038
1516115216893,1093,1097.43899999,1093,0.55785801,42.29079455,0.013191003288917872
1516115218974,1093,1097.43899999,1093,0.55785801,42.29079455,0.013191003288917872
1516115220852,1093,1097.43899999,1093,0.55785801,26.390994550000002,0.021138195794140693
1516115222851,1093,1097.439,1097.43899999,0.55785801,21.719228550000004,0.02568498272006995
1516115225149,1093,1097.439,1093,0.55785801,21.719228550000004,0.02568498272006995
1516115226943,1090,1092.08,1093,0.55785801,21.719228550000004,0.02568498272006995
1516115228810,1090,1092.99,1093,0.55785801,21.719228550000004,0.02568498272006995
1516115232820,1090,1092.99,1093,0.55785801,15.354407550000001,0.03633210908225502
1516115232976,1090,1090.01,1093,0.55785801,15.354407550000001,0.03633210908225502
1516115234880,1090,1090.01,1093,0.55785801,11.00722855,0.05068105994764686
1516115236994,1090,1090.01,1090,0.55785801,11.00722855,0.05068105994764686
1516115238810,1090,1090.88,1090,0,19.5258435,0
1516115240841,1090,1092.99,1090,0,8.525843499999999,0
1516115243212,1090,1092.99,1090,0,8.525843499999999,0
1516115245853,1090,1092.99,1090,0,8.518614949999998,0
1516115246909,1090,1092.99,1090,0,8.518614949999998,0
1516115248821,1090,1092.99,1090,3.5,39.31739042000001,0.08901913282168433
1516115250904,1090,1092.99,1090,3.5,39.31739042000001,0.08901913282168433
1516115252919,1090,1092.99,1090,3.5,39.31739042000001,0.08901913282168433
1516115254811,1090,1092.99,1090,3.5,39.31739042000001,0.08901913282168433
1516115256804,1090,1092.99,1090,3.5,39.11250342000001,0.08948545078836069
1516115259024,1090,1092.99,1090,3.5,39.11250342000001,0.08948545078836069
1516115260875,1090,1092.99,1090,3.5,38.91250342000001,0.08994538239349288
1516115264922,1090,1092.99,1090,3.5,38.712503420000004,0.09041006627827118
1516115265874,1090,1092.99,1090,3.5,33.712503420000004,0.10381904768079664
1516115267158,1086.67,1092.99,1090,3.5,33.51250342,0.10443863163953389
1516115268803,1086.67,1092.99,1090,3.5,33.51250342,0.10443863163953389
1516115270813,1086.67,1092.99,1090,3.5,33.31250342,0.10506565525479802
1516115272941,1086.67,1092.99,1090,3.5,25.91328532,0.13506585354882358
1516115274818,1086.67,1092.99,1090,3.5,5.50728532,0.6355218218474288
1516115276830,1086.67,1092.98999999,1090,3.5,4.9562199300000005,0.7061833513106428
1516115278852,1086.67,1092.98999999,1090,3.5,5.03120743,0.695658059957985
1516115281342,1086.67,1091.01,1091.01,0,5.03120743,0
1516115284194,1086.67,1091.01,1091.01,0,1.5606265,0
1516115284835,1086.67,1091.01,1091.01,0,1.5606265,0
1516115286811,1086.67,1091.01,1091.01,0,1.5606265,0
1516115288838,1086.67,1091.01,1091.01,0,1.5606265,0
1516115290854,1086.67,1091.01,1091.01,0,1.5606265,0
1516115292903,1086.67,1091.01,1091.01,0,0.0749875,0
1516115294829,1091.01,1092.98999998,1091.01,0,0.0749875,0
1516115296839,1091.01,1092.98999998,1091.01,0,0.0749875,0
1516115298806,1086.67,1092.98899999,1092.98899999,0,0.0749875,0
1516115300881,1086.67,1092.98899999,1092.98899999,0.09420827,4.22826958,0.02228057322683763
1516115303089,1086.67,1090.46,1092.98899999,0.09420827,4.22826958,0.02228057322683763
1516115304934,1086.67,1090.46,1092.98899999,0.09420827,4.22826958,0.02228057322683763
1516115308839,1086.67,1090.46,1086.67,0.09420827,4.22826958,0.02228057322683763
1516115310911,1086.67,1090.46,1086.67,0.09420827,4.22826958,0.02228057322683763
1516115312006,1086.67,1090.46,1086.67,0.09420827,4.22826958,0.02228057322683763
1516115312838,1086.67,1090.46,1086.67,0.09420827,4.22826958,0.02228057322683763
1516115314818,1086.67,1090.45999999,1086.67,0.09420827,4.22826958,0.02228057322683763
1516115316924,1086.67,1090.45999999,1086.67,0.09420827,4.15328208,0.022682848933776246
1516115318844,1086.67,1090.45999999,1086.67,0.09420827,4.15328208,0.022682848933776246
1516115320888,1086.67,1090.45999999,1086.67,0.09420827,4.15328208,0.022682848933776246
1516115322926,1086.67,1090.45999999,1086.67,0.09420827,4.15328208,0.022682848933776246
1516115324952,1086.67,1090,1086.67,0.09420827,3.71390858,0.02536634060066174
1516115326926,1086.67,1090,1086.67,0.09420827,3.71390858,0.02536634060066174
1516115328972,1086.67,1090,1086.67,0.09420827,3.71390858,0.02536634060066174
1516115330890,1086.67,1090,1086.67,0.18090827,56.119484310000004,0.0032236267354253598
1516115332963,1086.67,1090,1086.67,0.18090827,55.20248431,0.0032771762405488015
1516115334937,1086.67,1088.46,1086.67,0.18090827,54.57148431,0.003315069624500745
1516115337243,1086.67,1088.46,1086.67,0.18090827,54.322575730000004,0.0033302594284035803
1516115338879,1086.67,1088.46,1086.67,0.18090827,54.322575730000004,0.0033302594284035803
1516115340868,1086.67,1088.46,1086.67,0.18090827,54.322575730000004,0.0033302594284035803
1516115343001,1082.18248,1083.62,1082.18148,0.18090827,54.322575730000004,0.0033302594284035803
1516115344949,1082.18248,1087.08,1083.62,0.18090827,54.322575730000004,0.0033302594284035803
1516115346972,1082.18248,1090,1083.62,0.18090827,54.322575730000004,0.0033302594284035803
1516115349078,1082.18248,1083.62,1083.62,0.18090827,54.322575730000004,0.0033302594284035803
1516115350893,1082.18248,1089.66999999,1083.62,0.18090827,54.322575730000004,0.0033302594284035803
1516115352863,1082.18248,1089.66999999,1083.62,0.0867,53.40557573,0.0016234259965349875
1516115354885,1082.18248,1089.66999999,1083.62,0.0867,52.40557573,0.001654404112392336
1516115356873,1082.18248,1089.66999999,1083.62,0.0867,51.416784,0.001686219814914912
1516115359798,1082.18248,1089.99999999,1083.62,0,51.416784,0
1516115361090,1082.18248,1089.99999999,1083.62,0.5,78.77838155,0.006346918915599377
1516115363437,1082.18248,1089.99999999,1083.62,0.5,78.77838155,0.006346918915599377
1516115364973,1082.18148,1083.62,1082.18148,0.5,74.26080955,0.006733026518696226
1516115366869,1082.18148,1083.62,1082.18148,0.5,74.26080955,0.006733026518696226
1516115369079,1082.18148,1083.62,1082.18148,0.95737579,75.85670775,0.012620845517778222
1516115370869,1082.18148,1083.62,1082.18148,0.95737579,38.24757775,0.025031017552477556
1516115372969,1082.18148,1083.62,1082.18148,0.95737579,35.50489475,0.026964614224071176
1516115375165,1082.18148,1083.62,1082.18148,0.95737579,28.95749575,0.03306141519506223
1516115376888,1082.18148,1083.62,1082.18148,0.95737579,28.95749575,0.03306141519506223
1516115378946,1082.18148,1083.62,1082.18148,0.95737579,28.95749575,0.03306141519506223
1516115381102,1082.18148,1083.62,1082.18148,0.95737579,28.95749575,0.03306141519506223
1516115382973,1082.18148,1083.62,1082.18148,0.95737579,28.95749575,0.03306141519506223
1516115384886,1082.18148,1083.62,1082.18148,0.95737579,28.95749575,0.03306141519506223
1516115387635,1082.18148,1083.62,1082.18148,0.70737579,23.94058475,0.029547139194250466
1516115388969,1081.55,1082.18148,1082.18148,0.70737579,22.94617475,0.030827612781080208
1516115391029,1081.55,1082.18148,1082.18148,0.45737579,1.7897982000000001,0.2555460107178563
1516115393064,1081.55,1082.18148,1082.18148,0.45737579,1.77022377,0.25837173681155573
1516115394974,1081.55,1082.18148,1082.18148,0.45737579,1.77022377,0.25837173681155573
1516115396973,1081.55,1082.18148,1082.18148,0.45737579,0.2939,1.5562292956788024
1516115398881,1081.55,1082.18148,1082.18148,0.45737579,0.1939,2.3588230531201653
1516115400984,1081.55,1082.18148,1082.18148,0.45737579,0.1939,2.3588230531201653
1516115402952,1081.55,1082.18148,1082.18148,0,0.1939,0
1516115406900,1081.55,1082.18148,1082.18148,0,0.1939,0
1516115408899,1081.55,1082.18148,1082.18148,0,0.1939,0
1516115409770,1081.55,1082.18148,1082.18148,0,0.1939,0
1516115411770,1081.55,1082.18148,1082.18148,0,0.1939,0
1516115412919,1081.55,1082.18148,1082.18148,0,0.1939,0
1516115414919,1081.55,1082.18148,1082.18148,0,0.1939,0
1516115417220,1080.42638202,1081.55,1081.55,0,0.1939,0
1516115418959,1080.42638202,1081.55,1081.55,0,0.1939,0
1516115420966,1080.42638202,1081.55,1081.55,0,0.90734666,0
1516115423066,1080.42638202,1081.55,1081.55,0,0.90734666,0
1516115426939,1080.42638202,1081.55,1081.55,0,0.71344666,0
1516115428942,1080.42638202,1081.55,1081.55,0,0.71344666,0
1516115429829,1080.42638202,1081.55,1081.55,0,0.71344666,0
1516115430969,1080.42638202,1081.55,1081.55,0,0.71344666,0
1516115433059,1080.42638202,1082.18148,1082.18148,0,0.71344666,0
1516115434932,1080.42638202,1082.18148,1082.18148,0,0.71344666,0
1516115437039,1080.42638202,1082.18148,1082.18148,0,0.71344666,0
1516115439035,1080.42638202,1082.18148,1082.18148,0,0.71728509,0
1516115441005,1080.42638202,1083.62,1083.62,0,0.71728509,0
1516115442953,1080.42638202,1083.62,1083.62,0,0.71728509,0
1516115444926,1080.42638202,1083.62,1083.62,0,0.71728509,0
1516115448946,1078.83700001,1083.62,1079.05,0,0.00383843,0
1516115449905,1078.83700001,1083.62,1079.05,0,0.00383843,0
1516115450941,1079.05,1083.62,1079.05,0,0.00383843,0
1516115452952,1079.05,1083.62,1079.05,0,0.00383843,0
1516115454950,1079.05,1083.62,1079.05,0,0.00383843,0
1516115457334,1079.92,1087.33,1087.33,0,0.00383843,0
1516115458970,1079.92,1087.33,1087.33,0,0.00383843,0
1516115460972,1079.04,1087.33,1087.33,0.64055971,0.00383843,166.88065433002555
1516115462960,1079.04,1087.33,1087.33,0.64055971,0.00383843,166.88065433002555
1516115464957,1078.37,1085.3,1087.33,1.8364290499999998,1.08201254,1.6972345348234132
1516115467001,1078.04000001,1087.03,1087.33,1.8364290499999998,1.08201254,1.6972345348234132
1516115468967,1078.04000001,1087.03,1087.33,1.8364290499999998,1.08201254,1.6972345348234132
1516115470967,1078.04000001,1087.03,1087.33,1.8364290499999998,1.08201254,1.6972345348234132
1516115473118,1078.04100001,1086.16,1087.33,1.8364290499999998,1.07817411,1.7032768946752022
1516115475070,1078.04100001,1086.16,1087.33,1.8364290499999998,1.07817411,1.7032768946752022
1516115476990,1078.04100001,1086.16,1087.33,1.8364290499999998,1.07817411,1.7032768946752022
1516115479016,1078.04100001,1086.16,1087.33,1.8364290499999998,1.07817411,1.7032768946752022
1516115481156,1077.171,1091.00999999,1087.33,1.8364290499999998,1.07817411,1.7032768946752022
1516115482994,1077.171,1091.00999999,1087.33,2.29642905,1.07817411,2.12992412700394
1516115485171,1078.37,1085.83,1087.33,2.29642905,1.07817411,2.12992412700394
1516115486940,1078.042,1088.25,1087.33,2.29642905,1.07817411,2.12992412700394
1516115489035,1078.042,1088.25,1087.33,2.2624047,1.07817411,2.0983667470924523
1516115491072,1083.62,1086.3,1087.33,1.65586934,1.07817411,1.5358088500195948
1516115493152,1083.62,1086.3,1087.33,1.65586934,1.07817411,1.5358088500195948
1516115495111,1083.62,1091.01,1087.33,1.65586934,1.07817411,1.5358088500195948
1516115496998,1083.62,1091.01,1087.33,1.65586934,1.07817411,1.5358088500195948
1516115501044,1083.62,1091.01,1087.33,1.5593305,1.07817411,1.44626965676258
1516115502970,1088.56,1091.00999999,1091.00999999,1.5593305,1.07817411,1.44626965676258
1516115504023,1088.56,1091.00999999,1091.00999999,1.5593305,1.07817411,1.44626965676258
1516115507419,1088.56,1090.21,1088.56,0.46,0,
1516115508191,1088.56,1090.21,1088.56,0.46,0,
1516115509032,1088.56,1089.34,1088.56,0.46,0,
1516115510988,1088.56,1089.34,1088.56,0.46,0,
1516115513191,1083.62,1087.33,1088.56,0.46,0,
1516115515197,1083.62,1087.33,1088.56,0,0,
1516115518984,1083.62,1087.33,1088.56,0,0,
1516115521037,1083.62,1087.33,1088.56,0,0,
1516115521842,1083.62,1083.62104363,1088.56,0,0,
1516115523062,1083.62,1083.62104363,1088.56,0.25,0.25,1
1516115525026,1083.62,1083.62104363,1088.56,0.25,0.25,1
1516115527151,1083.62,1083.62104363,1088.56,0.25,0.25,1
1516115530147,1083.62,1083.62104363,1088.56,0.25,0.25,1
1516115532446,1084.18148,1087.33,1083.62104363,0.25,0.25,1
1516115534001,1084.18148,1087.33,1083.62104363,0.25,0.25,1
1516115537212,1084.18148,1087.33,1083.62104363,0.25,0.25,1
1516115537984,1084.18148,1087.33,1083.62104363,0.25,0.25,1
1516115539215,1084.18148,1087.33,1083.62104363,0.25,0.25,1
1516115541522,1084.18148,1087.33,1083.62104363,0.25,0.25,1
1516115543174,1084.18148,1087.33,1083.62104363,0.25,0.25,1
1516115545005,1084.18148,1087.33,1083.62104363,0.25,0.25,1
1516115546978,1084.18148,1087.33,1083.62104363,0.25,0.25,1
1516115550430,1084.18148,1087.33,1083.62104363,0.25,0.25,1
1516115554539,1084.18148,1087.33,1083.62104363,0.28704247,0.25,1.14816988
1516115554774,1084.18148,1087.33,1083.62104363,0.28704247,0.25,1.14816988
1516115555707,1083.62,1087.3,1083.62,0.28704247,0.25,1.14816988
1516115556990,1083.62,1087.3,1083.62,0.28704247,0.128,2.242519296875
1516115558992,1083.62,1087.33,1083.62,0.03704247,0.128,0.289394296875
1516115561058,1083.62,1087.33,1083.62,0.03704247,0.128,0.289394296875
1516115562992,1083.62,1087.33,1083.62,0.03704247,0.1174363,0.31542606502418763
1516115565089,1083.62,1087.33,1083.62,0.03704247,0.1174363,0.31542606502418763
1516115567145,1084.18148,1087.33,1083.62,0.03704247,0.10325608,0.35874371756123224
1516115569043,1084.18148,1087.33,1083.62,0.03704247,0.10325608,0.35874371756123224
1516115571139,1084.18148,1086.97,1083.62,0.03704247,0.10325608,0.35874371756123224
1516115573055,1084.18148,1087.33,1084.18148,0.03704247,0,
1516115575120,1084.18148,1087.33,1084.18148,0.03704247,0,
1516115577545,1084.18148,1085.96,1084.18148,0.18704247,1.52,0.12305425657894736
1516115579177,1084.18148,1084.63,1084.18148,0.18704247,1.52,0.12305425657894736
1516115580996,1084.18148,1084.63,1084.18148,0.18704247,1.52,0.12305425657894736
1516115585004,1084.18148,1085.46,1084.18148,0.18704247,1.52,0.12305425657894736
1516115585131,1084.18148,1085.46,1084.18148,0.18704247,1.52,0.12305425657894736
1516115587098,1084.18148,1087.32999999,1084.18148,0.18704247,1.52,0.12305425657894736
1516115591320,1084.18148,1084.96,1084.18148,0.15,1.52,0.09868421052631579
1516115591789,1084.18148,1084.96,1084.18148,0.15,1.52,0.09868421052631579
1516115593080,1084.18148,1084.96,1084.18148,0.15,1.52,0.09868421052631579
1516115595050,1084.18148,1084.96,1084.18148,0.15,1.52,0.09868421052631579
1516115597351,1084.18148,1085,1084.18148,0.15,1.52,0.09868421052631579
1516115601596,1084.18148,1085,1084.18148,0.15,1.52,0.09868421052631579
1516115602214,1084.18148,1085,1084.18148,0.15,1.52,0.09868421052631579
1516115603055,1084.18148,1085,1084.18148,0.15,1.52,0.09868421052631579
1516115605108,1084.18148,1085,1084.18148,0.15,1.52,0.09868421052631579
1516115607064,1084.18148,1085,1084.18148,0.15,1.52,0.09868421052631579
1516115609459,1084.18148,1085,1084.18148,0,2.2199999999999993,0
1516115611068,1084.18148,1085,1084.18148,0,2.2199999999999993,0
1516115614627,1084.18148,1085,1084.18148,0,2.0799999999999996,0
1516115615292,1084.18148,1085,1084.18148,0,2.0799999999999996,0
1516115619214,1084.18148,1085,1084.18148,0,2.0799999999999996,0
1516115620483,1084.18148,1085,1084.18148,0,2.0799999999999996,0
1516115622296,1084.18148,1085,1084.18148,0,2.0799999999999996,0
1516115623144,1084.18148,1085,1084.18148,0,2.0799999999999996,0
1516115625229,1084.18148,1085,1084.18148,0,2.0799999999999996,0
1516115629118,1084.18148,1085,1084.18148,0,2.0799999999999996,0
1516115629293,1084.18148,1085,1084.18148,0,2.0799999999999996,0
1516115631101,1084.18148,1085,1084.18148,0,2.0799999999999996,0
1516115633247,1084.18148,1085,1084.18148,0,0.7,0
1516115635090,1084.18148,1085,1084.18148,0,0.7,0
1516115637365,1084.18148,1085,1084.18148,0,0.7,0
1516115639066,1084.18148,1085,1084.18148,0,2.08,0
1516115641059,1084.18148,1084.96,1084.18148,0,2.08,0
1516115643109,1084.18148,1085,1084.18148,0,2.08,0
1516115645862,1084.18148,1085,1084.18148,0,1.6800000000000002,0
1516115647223,1084.18148,1085,1084.18148,0,1.6800000000000002,0
1516115649117,1084.18148,1085,1084.18148,0,1.6800000000000002,0
1516115651122,1084.18148,1085,1084.18148,0,1.3800000000000001,0
1516115653349,1084.18148,1085,1084.18148,0,1.3800000000000001,0
1516115655202,1084.18148,1085,1084.18148,0,1.3800000000000001,0
1516115657124,1084.18148,1085,1084.18148,0,1.3800000000000001,0
1516115660132,1084.18148,1085,1084.18148,0,1.3800000000000001,0
1516115661051,1084.18148,1085,1084.18148,0,1.3800000000000001,0
1516115663145,1084.182,1085,1084.18148,0,1.3800000000000001,0
1516115665145,1084.182,1085,1084.18148,0,1.08,0
1516115667176,1084.182,1085,1084.18148,0,1.08,0
1516115669289,1084.182,1085,1084.18148,0.09221129,1.38,0.06681977536231885
1516115671096,1084.182,1085,1084.18148,0.09221129,1.38,0.06681977536231885
1516115675092,1085,1087.33,1085,0.09221129,1.38,0.06681977536231885
1516115677221,1085,1087.33,1085,0.09221129,1.0799999999999998,0.08538082407407409
1516115677361,1085,1087.33,1085,0.09221129,1.0799999999999998,0.08538082407407409
1516115679419,1085,1087.83,1085,0.09221129,0.8999999999999999,0.1024569888888889
1516115681463,1085.001,1087.83,1085,0.09221129,0.8999999999999999,0.1024569888888889
1516115683743,1085.001,1087.83,1085,0.09221129,0.8999999999999999,0.1024569888888889
1516115686028,1085.001,1087.83,1085,0.09221129,0.8999999999999999,0.1024569888888889
1516115689389,1085.001,1087.83,1085,0.09221129,0.6,0.15368548333333334
1516115692106,1085.001,1087.83,1085,0.09221129,0.3,0.3073709666666667
1516115692282,1085.001,1087.33,1085,0.09221129,0.3,0.3073709666666667
1516115693085,1085.001,1087.33,1085,0,0.3,0
1516115695941,1085.001,1087.33,1085,0,0,
1516115697129,1085.001,1087.33,1085,0,0,
1516115699223,1085.001,1087.33,1085,0,0,
1516115701388,1085.001,1087.33,1085,6.324467,0.55658015,11.363084005061983
1516115703467,1085.002,1087.33,1085,6.324467,0.55658015,11.363084005061983
1516115705257,1085.002,1087.33,1087.33,6.324467,0.55658015,11.363084005061983
1516115707153,1085.002,1087.33,1085.002,6.324467,0.55658015,11.363084005061983
1516115709390,1085.002,1087.33,1085.002,6.324467,0.55658015,11.363084005061983
1516115711274,1085.002,1087.33,1085.002,6.324467,0.55658015,11.363084005061983
1516115713194,1085.002,1087.33,1085.002,6.324467,0.55658015,11.363084005061983
1516115715098,1085.002,1087.33,1085.002,6.324467,0.55658015,11.363084005061983
1516115717158,1085.002,1087.33,1085.002,6.324467,0.55658015,11.363084005061983
1516115719227,1085.002,1087.33,1085.002,6.324467,0.55658015,11.363084005061983
1516115721109,1085.002,1087.33,1085.002,6.324467,0.55658015,11.363084005061983
1516115724214,1085.002,1087.33,1085.002,6.324467,0.55658015,11.363084005061983
1516115726330,1085.002,1087.33,1087.33,6.324467,0.55658015,11.363084005061983
1516115729382,1085.002,1087.33,1087.33,6.324467,0.55658015,11.363084005061983
1516115729684,1085.003,1087.33,1087.33,6.58700507,1.47827493,4.455872812508564
1516115731091,1085.003,1087.33,1087.33,6.58700507,1.47827493,4.455872812508564
1516115733119,1085.003,1087.33,1087.33,0.26529136000000003,1.47827493,0.17946009542352181
1516115736541,1086.33,1087.33,1087.33,0.26253807,1.47827493,0.17759759343277234
1516115737111,1086.33,1087.33,1087.33,0.26253807,0.92169478,0.2848427437117524
1516115751029,1085.003,1087.33,1087.33,2.56253807,0.92169478,2.7802458314888145
1516115751172,1085.003,1087.33,1087.33,2.56253807,0.92169478,2.7802458314888145
1516115753150,1085.003,1087.33,1087.33,2.56253807,0.92169478,2.7802458314888145
1516115753223,1085.003,1087.33,1087.33,2.56253807,0.92169478,2.7802458314888145
1516115754131,1085.003,1087.33,1087.33,2.56253807,0.92169478,2.7802458314888145
1516115755709,1085.003,1087.33,1087.33,2.56253807,0.92169478,2.7802458314888145
1516115756381,1085.003,1087.33,1087.33,2.56253807,0.92169478,2.7802458314888145
1516115759946,1085.003,1087.33,1087.33,2.56253807,0.92169478,2.7802458314888145
1516115760640,1085.003,1087.33,1087.33,2.56253807,0.92169478,2.7802458314888145
1516115761977,1085.003,1087.33,1087.33,2.3,0.92169478,2.4954030877770617
1516115763910,1085.003,1087.33,1087.33,2.3,0.92169478,2.4954030877770617
1516115765122,1085.003,1087.33,1087.33,2.3,0,
1516115771101,1085.003,1087.33,1087.33,2.3,0,
1516115772358,1085.003,1087.33,1087.33,2.3,0,
1516115772379,1085.00300001,1087.33,1087.33,2.3,0,
1516115773094,1085.00300001,1087.33,1087.33,2.3,0,
1516115775220,1085.00300001,1087.33,1087.33,2.3,0,
1516115777387,1085.00300001,1087.33,1087.33,2.3,0,
1516115779119,1085.00300001,1087.33,1087.33,2.3,0,
1516115781176,1085.00300001,1087.33,1087.33,0,0,
1516115783205,1085.00400001,1087.33,1087.33,0,0,
1516115785311,1085.004,1087.33,1087.33,0,0,
1516115789431,1085.004,1087.33,1087.33,0.22581058,1.675884,0.13474117540354824
1516115789761,1085.004,1087.33,1087.33,0.22581058,1.675884,0.13474117540354824
1516115793348,1087.33,1087.83,1087.83,0.22581058,1.675884,0.13474117540354824
1516115794126,1085.00400001,1088.56,1088.56,0.22581058,1.675884,0.13474117540354824
1516115795619,1085.00400001,1088.56,1088.56,0.22581058,1.117256,0.20211176310532233
1516115798978,1085.004,1088.56,1088.56,0.22581058,1.117256,0.20211176310532233
1516115801122,1085.004,1088.56,1088.56,0.22581058,0.558628,0.40422352621064467
1516115802508,1085.004,1088.56,1088.56,0.22581058,0.558628,0.40422352621064467
1516115803128,1085.004,1088.56,1088.56,0.03366358,0.558628,0.06026117559449222
1516115805468,1085.004,1088.56,1088.56,0.03366358,0,
1516115807561,1085.003,1088.56,1088.56,0,0,
1516115809255,1085.003,1088.56,1088.56,0,0,
1516115811194,1085.003,1088.56,1088.56,0,0,
1516115813413,1085.003,1088.56,1088.56,0,0,
1516115815159,1085.003,1088.56,1088.56,0,0,
1516115817133,1085.003,1088.56,1088.56,0,0,
1516115819125,1085.002,1088.56,1088.56,0,0,
1516115821181,1088.56,1090.55996718,1088.56,0,0,
1516115823151,1088.56,1090.55996718,1088.56,4.93468502,0,
1516115825273,1088.56,1090.55996718,1088.56,4.93468502,0,
1516115829633,1088.56,1090.55996718,1088.56,4.93468502,0,
1516115831049,1088.56,1090.55996718,1088.56,4.93468502,0,
1516115831118,1088.56,1090.55996718,1088.56,4.93468502,0,
1516115835736,1088.56,1090.55996718,1088.56,4.93468502,0,
1516115836636,1088.56,1090.55996718,1088.56,4.93468502,0,
1516115837388,1088.56,1090.55996718,1088.56,4.93468502,0,
1516115839300,1088.56,1090.55996718,1088.56,4.93468502,0,
1516115841178,1088.56,1090.55996718,1088.56,4.93468502,0,
1516115843413,1088.5600001,1089,1088.5600001,4.93468502,0,
1516115845594,1088.5600001,1089,1088.5600001,4.93468502,0,
1516115849148,1088.5600001,1089,1088.5600001,6.8842783,0.05338435,128.9568628259031
1516115849519,1088.5600001,1089,1088.5600001,4.93468502,0,
1516115852251,1088.5600001,1089,1088.5600001,3.93530728,0.05338435,73.71649706327791
1516115854001,1088.5600001,1089,1088.5600001,1.94959328,0.05338435,36.519940394516375
1516115855234,1088.5600001,1089,1088.5600001,1.94959328,0.05338435,36.519940394516375
1516115857721,1088.5600001,1089,1088.5600001,1.94959328,0.05338435,36.519940394516375
1516115859192,1088.5600001,1089,1088.5600001,1.94959328,0.05338435,36.519940394516375
1516115861244,1088.5600001,1089,1088.5600001,1.94959328,0.05338435,36.519940394516375
1516115863275,1088.5600001,1089,1088.5600001,1.94959328,0.05338435,36.519940394516375
1516115865198,1088.5600001,1089,1088.5600001,1.94959328,0.05338435,36.519940394516375
1516115867333,1088.5600001,1089,1088.5600001,1.94959328,0.05338435,36.519940394516375
1516115869170,1088.5600001,1089,1088.5600001,1.94959328,0.05338435,36.519940394516375
1516115873162,1088.5600001,1089,1088.5600001,1.94959328,0.05338435,36.519940394516375
1516115873801,1088.5600001,1089,1089,1.94959328,0.05338435,36.519940394516375
1516115875170,1088.5600001,1089,1089,1.94959328,0.05338435,36.519940394516375
1516115877155,1088.5600001,1089,1088.5600001,1.94959328,0.05338435,36.519940394516375
1516115879163,1088.5600001,1089,1088.5600001,0,0,
1516115881215,1088.5600001,1089,1088.5600001,3.927741,2.80171892,1.4019040139829588
1516115883164,1088.5600001,1089,1088.5600001,3.927741,2.80171892,1.4019040139829588
1516115885333,1088.5600001,1089,1088.5600001,3.927741,2.80171892,1.4019040139829588
1516115887242,1088.5600001,1089,1088.5600001,3.927741,2.80171892,1.4019040139829588
1516115889206,1089,1090.55996718,1089,3.927741,2.80171892,1.4019040139829588
1516115891201,1089,1090.55996718,1089,3.927741,2.80171892,1.4019040139829588
1516115893508,1089,1090.55996718,1089,3.927741,2.80171892,1.4019040139829588
1516115896923,1089,1090.55996718,1089,3.927741,2.80171892,1.4019040139829588
1516115897372,1089,1090.55996718,1089,3.927741,2.80171892,1.4019040139829588
1516115899163,1089,1090.55996718,1089,3.927741,0.5641425200000001,6.9623204434227
1516115901205,1089,1090.55996718,1089,3.927741,0.5641425200000001,6.9623204434227
1516115903482,1089,1090.55996718,1089,3.927741,0.5641425200000001,6.9623204434227
1516115905208,1089,1090.55996718,1089,3.927741,0.5641425200000001,6.9623204434227
1516115907250,1089,1090.55996718,1089,3.927741,0.5641425200000001,6.9623204434227
1516115909301,1089,1090.55996718,1089,3.927741,0.5641425200000001,6.9623204434227
1516115913173,1089,1090.55996718,1089,11.73550256,1.5641425199999999,7.502834562671438
1516115915158,1089,1090.55996718,1089,11.73550256,1.2,9.779585466666667
1516115916283,1089,1090.55996718,1089,11.73550256,1.2,9.779585466666667
1516115917293,1089,1090.55996718,1089,11.73550256,1.2,9.779585466666667
1516115920840,1089,1090.55996718,1089,11.73550256,1.2,9.779585466666667
1516115921165,1089,1090.55996718,1089,11.73550256,1.2,9.779585466666667
1516115923581,1089,1090.55996718,1089,11.73550256,1,11.73550256
1516115925246,1089,1090.55996718,1089,7.80776156,1,7.80776156
1516115928475,1089,1090,1089,7.80776156,1,7.80776156
1516115929186,1089,1090,1089,7.80776156,1,7.80776156
1516115931228,1089,1090,1089,7.80776156,1,7.80776156
1516115933209,1089,1090,1089,1.73801556,0.8,2.17251945
1516115935305,1089,1090,1089,1.73801556,0.6000000000000001,2.8966925999999997
1516115937214,1089,1090,1089,1.73801556,0.4,4.3450389
1516115939248,1089,1090,1089,1.73801556,0.2,8.6900778
1516115941848,1089,1090,1089,1.73801556,4.29962111,0.40422528300406446
1516115945707,1089,1090,1089,1.73801556,4.09962111,0.4239454118724645
1516115947463,1089,1090,1089,0,4.09962111,0
1516115947873,1092.72,1092.99,1092.72,0,4.09962111,0
1516115949593,1092.72,1092.99,1092.72,0,4.09962111,0
1516115951253,1092.72,1092.99,1092.72,0,4.09962111,0
1516115953248,1092.72,1092.99,1092.72,0,4.09962111,0
1516115957082,1092.72,1092.99,1092.72,0,4.09962111,0
1516115957219,1092.72,1092.99,1092.72,0,4.09962111,0
1516115959259,1092.72,1092.99,1092.99,0,4.09962111,0
1516115963244,1092.72,1092.99,1092.72,0,4.09962111,0
1516115964449,1092.72,1092.99,1092.72,0,4.09962111,0
1516115965348,1092.72,1092.99,1092.72,0,4.09962111,0
1516115967386,1092.72,1092.99,1092.72,0,4.09962111,0
1516115969320,1092.72,1092.99,1092.72,0,3.89962111,0
1516115975715,1092.72,1092.99,1092.72,1.7076231000000002,19.76015832,0.08641748068747257
1516115975743,1092.72,1092.99,1092.72,1.7076231000000002,19.76015832,0.08641748068747257
1516115977139,1092.72,1092.99,1092.72,1.7076231000000002,19.56015832,0.08730108785745248
1516115977996,1092.72,1092.99,1092.72,1.7076231000000002,19.56015832,0.08730108785745248
1516115979315,1092.72,1092.99,1092.72,1.7076231000000002,19.56015832,0.08730108785745248
1516115981313,1092.72,1092.99,1092.72,1.7076231000000002,19.56015832,0.08730108785745248
1516115983312,1092.99,1093,1092.99,1.7076231000000002,19.56015832,0.08730108785745248
1516115985473,1092.99,1093,1092.99,1.7076231000000002,19.56015832,0.08730108785745248
1516115989262,1092.99,1093,1092.99,1.7076231000000002,15.860537209999997,0.10766489667975128
1516115989611,1092.99,1093,1092.99,1.7076231000000002,15.860537209999997,0.10766489667975128
1516115991245,1092.99,1093,1092.99,1.7076231000000002,15.860537209999997,0.10766489667975128
1516115995266,1092.99,1093,1092.99,1.7076231000000002,15.860537209999997,0.10766489667975128
1516115995731,1092.99,1093,1092.99,1.7076231000000002,15.860537209999997,0.10766489667975128
1516115997470,1092.99,1093,1092.99,1.7476231000000002,27.768914210000002,0.0629345132756633
1516115999227,1092.72,1093,1092.72,1.7476231000000002,27.568914210000003,0.06339107469695304
1516116001559,1092.72,1092.98,1092.72,0.13765185,27.568914210000003,0.004993009479860831
1516116003287,1092.72,1092.98,1092.72,0.39999999999999997,31.45137338,0.012718045573627029
1516116005337,1092.72,1092.98,1092.72,0.39999999999999997,26.107995850000002,0.015320976849320279
1516116007231,1092.72,1092.98,1092.72,0.39999999999999997,26.107995850000002,0.015320976849320279
1516116009506,1092.72,1092.98,1092.72,0.39999999999999997,26.107995850000002,0.015320976849320279
1516116011262,1092.72,1092.98,1092.72,0.39999999999999997,26.107995850000002,0.015320976849320279
1516116013306,1092.72,1092.98,1092.72,0.39999999999999997,26.107995850000002,0.015320976849320279
1516116015270,1092.72,1092.98,1092.72,0.39999999999999997,26.107995850000002,0.015320976849320279
1516116017323,1092.72,1092.98,1092.72,0.39999999999999997,17.47120215,0.02289481837401784
1516116019249,1092.72,1093,1093,0.30234815,15.790836169999999,0.019147063951838846
1516116021309,1092.72,1093,1093,0.30234815,15.790836169999999,0.019147063951838846
1516116023241,1092.7200001,1093,1093,0.30234815,13.077698810000003,0.023119369423679204
1516116026110,1093,1096.01276702,1093,0.30234815,9.596604810000002,0.03150574145607648
1516116027270,1093,1096.01276702,1093,0.26234815,9.596604810000002,0.027337600661290536
1516116029323,1093,1096.01276702,1093,0.26234815,9.596604810000002,0.027337600661290536
1516116031330,1093,1096.01276702,1093,0.26234815,9.042588190000002,0.029012506650488077
1516116035261,1093,1096.01276702,1093,0.26234815,8.488571570000001,0.03090604206332915
1516116037285,1093,1096.01276702,1093,0.73606514,10.21941548,0.07202614879887435
1516116038718,1096.01276702,1097.44,1096.01276702,0.13346953,7.022185920000001,0.019006835125208416
1516116039241,1096.01276702,1097.44,1096.01276702,0.60718652,10.21941548,0.05941499503453009
1516116041509,1096.01276702,1097.44,1096.01276702,0.47371699,10.21941548,0.046354607161935256
1516116043289,1096.01276702,1097.44,1096.01276702,0.47371699,9.66539693,0.04901164364286486
1516116045279,1096.01276702,1097.44,1096.01276702,0.47371699,9.66539693,0.04901164364286486
1516116047360,1096.01276702,1097.44,1096.01276702,0.47371699,8.9113752,0.05315868531716631
1516116049282,1096.01276702,1097.44,1096.01276702,0.47371699,8.9113752,0.05315868531716631
1516116051363,1096.01276702,1097.44,1096.01276702,0.47371699,8.15735347,0.058072387293522536
1516116053350,1096.01276702,1097.43999999,1096.01276702,0.47371699,3.7512463300000003,0.12628256006850927
1516116055462,1096.01276702,1097.43999999,1096.01276702,0.47371699,3.1972295600000002,0.14816483493290358
1516116057268,1096.01276702,1097.43999999,1096.01276702,0.47371699,3.1972295600000002,0.14816483493290358
1516116059266,1096.01276702,1097.44,1096.01276702,1.70941396,21.064015559999998,0.08115328034822246
1516116061264,1096.01276702,1097.44,1096.01276702,1.70941396,19.956391049999997,0.08565746961547942
1516116063900,1096.01276702,1097.44,1096.01276702,1.70941396,19.956391049999997,0.08565746961547942
1516116066521,1096.01276702,1097.44,1096.01276702,1.70941396,19.956391049999997,0.08565746961547942
1516116068800,1096.01276702,1097.44,1096.01276702,1.70941396,19.956391049999997,0.08565746961547942
1516116070912,1096.01276702,1097.43999999,1092.72,1.70941396,17.866785999999998,0.0956755154508483
1516116071269,1096.01276702,1097.43999999,1092.72,1.70941396,17.866785999999998,0.0956755154508483
1516116073433,1092.72,1097.43999999,1092.72,1.70941396,26.134190909999994,0.0654091020413381
1516116075297,1092.72,1097.44,1092.72,1.70941396,26.134190909999994,0.0654091020413381
1516116077352,1092.72,1097.44,1092.72,1.23569697,26.134190909999994,0.04728277122698957
1516116079449,1092.72,1097.44,1092.72,1.23569697,26.134190909999994,0.04728277122698957
1516116081817,1092.72,1097.44,1092.72,1.23569697,26.134190909999994,0.04728277122698957
1516116084330,1092.72,1097.44,1092.72,0.16770901,21.713304909999994,0.007723790122928828
1516116085597,1092.72,1097.44,1092.72,0.16770901,21.395604909999996,0.007838479477699424
1516116087281,1092.72,1097.44,1092.72,0.16770901,21.195604909999997,0.007912442731034093
1516116089369,1092.72,1097.44,1092.72,0.16770901,21.195604909999997,0.007912442731034093
1516116091323,1092.72,1097.44,1092.72,0.16770901,23.103708909999998,0.0072589648118103825
1516116093364,1092.72,1097.43999999,1092.72,0.16770901,22.76500891,0.007366964390966276
1516116096223,1092.72,1097.44,1092.72,6.59885931,12.975508909999999,0.5085626587574053
1516116097318,1092.72,1097.44,1092.72,6.59885931,12.975508909999999,0.5085626587574053
1516116101357,1092.72,1097.44,1092.72,6.59885931,12.674860599999999,0.5206257897621376
1516116102347,1092.72,1097.44,1092.72,6.59885931,12.674860599999999,0.5206257897621376
1516116103624,1092.72,1097.44,1092.72,6.59885931,12.674860599999999,0.5206257897621376
1516116107713,1092.72,1097.44,1092.72,6.59885931,11.27860985,0.5850773630581786
1516116108624,1092.72,1097.44,1092.72,6.59885931,11.27860985,0.5850773630581786
1516116110288,1092.72,1097.44,1092.72,6.59885931,11.078609850000001,0.5956396514856961
1516116111372,1092.72,1097.44,1092.72,6.59885931,8.79305878,0.7504623220544421
1516116113327,1092.72,1097.44,1092.72,6.59885931,8.064972000000001,0.8182123025349622
1516116116807,1092.72,1097.44,1092.72,6.59885931,5.008104,1.3176362371867676
1516116117387,1092.72,1097.44,1092.72,6.59885931,4.7081040000000005,1.4015959099459143
1516116122241,1092.72,1097.43899999,1092.72,6.59885931,4.3,1.5346184441860466
1516116122362,1092.72,1097.43899999,1092.72,6.59885931,4.3,1.5346184441860466
1516116124330,1092.72,1097.43899999,1092.72,6.59885931,4,1.6497148275
1516116125340,1092.72,1097,1092.72,6.59885931,4,1.6497148275
1516116127738,1092.72,1097,1092.72,6.59885931,3.7,1.783475489189189
1516116129430,1092.72,1097,1092.72,6.59885931,6.860092760000001,0.9619198370722905
1516116131365,1092.72,1097,1092.72,6.59885931,6.66009276,0.9908059163428228
1516116135253,1093.05024,1096.44,1093.05024,0,5.860092760000001,0
1516116135350,1093.05024,1096.44,1093.05024,0,5.860092760000001,0
1516116137388,1093.05024,1096.44,1093.05024,0,5.66009276,0
1516116141405,1093.05024,1096.44,1093.05024,0,5.46009276,0
1516116142642,1093.05024,1096.44,1093.05024,0,5.16009276,0
1516116143589,1093.05024,1096.44,1093.05024,0,5.16009276,0
1516116145430,1092.72,1096.44,1092.72,0,4.860092760000001,0
1516116147449,1092.72,1096.44,1092.72,0,4.360092760000001,0
1516116149383,1092.72,1096.44,1092.72,0,3.8600927600000006,0
1516116151353,1092.72,1096.44,1092.72,0,3.3600927600000006,0
1516116153685,1092.72,1096.44,1092.72,0.00602229,11.008709589999999,0.0005470477671125486
1516116155334,1092.72,1096.43999999,1096.43999999,0.00602229,10.80870959,0.0005571701182138987
1516116157900,1092.72,1096.43999999,1096.43999999,0.00602229,10.30870959,0.0005841943598684692
1516116161374,1092.72,1096.43999999,1096.43999999,0.00602229,10.10870959,0.000595752597933719
1516116161833,1092.72,1096.43999999,1096.43999999,0.00602229,10.10870959,0.000595752597933719
1516116163407,1092.72,1096.43999999,1096.43999999,0.00602229,9.80870959,0.0006139737286278449
1516116165586,1092.72,1096.43999999,1096.43999999,0.00602229,9.508709589999999,0.0006333446134829322
1516116167830,1092.72,1096.43999999,1096.43999999,0.00602229,9.008709589999999,0.0006684964078190471
1516116170846,1092.72,1096.44,1092.72,0.00602229,9.008709589999999,0.0006684964078190471
1516116171412,1092.72,1096.44,1092.72,0.00602229,8.80870959,0.0006836744858562195
1516116173757,1092.72,1096.44,1092.72,0.00602229,8.50870959,0.0007077794742316501
1516116175473,1092.72,1096.44,1092.72,0.00602229,8.50870959,0.0007077794742316501
1516116179437,1092.72,1096.43999999,1092.72,0.01057525,8.46861683,0.001248757643932746
1516116181480,1092.72,1096.43999999,1092.72,0.01057525,8.46861683,0.001248757643932746
1516116181487,1092.72,1096.43999999,1092.72,0.01057525,8.46861683,0.001248757643932746
1516116183446,1089,1096.43999999,1089,0.00455296,1.45842831,0.0031218263995437664
1516116186766,1089,1096.43999999,1089,0.00455296,2.60232431,0.0017495744025847414
1516116187421,1089,1092.72,1089,0.00455296,2.60232431,0.0017495744025847414
1516116190707,1089,1092.72,1089,0.00455296,2.3023243100000004,0.001977549374874993
1516116191572,1089,1092.72,1089,0.00455296,2.3023243100000004,0.001977549374874993
1516116193371,1089,1092.72,1089,0.00455296,2.3023243100000004,0.001977549374874993
1516116196612,1089,1092.72,1089,0.00455296,2.3023243100000004,0.001977549374874993
1516116197502,1089,1092.72,1089,0.00455296,2.3023243100000004,0.001977549374874993
1516116201463,1089,1092.72,1089,0.00455296,2.103896,0.0021640613414351277
1516116201616,1089,1092.72,1089,0.00455296,1.9238959999999998,0.0023665312470112733
1516116203456,1092.72,1096.43899999,1092.72,0.00455296,1.9238959999999998,0.0023665312470112733
1516116205501,1092.72,1096.43899999,1092.72,0.00455296,1.763896,0.002581195263212797
1516116207576,1092.72,1096.43899999,1092.72,0.00455296,1.4638959999999999,0.0031101662959663805
1516116209670,1092.72,1096.44,1092.72,0.00455296,1.303896,0.0034918122304232854
1516116211411,1092.72,1096.44,1092.72,0,1.143896,0
1516116213827,1092.72,1096.43999999,1092.72,0,1.143896,0
1516116215703,1092.72,1096.43999999,1092.72,0,1.143896,0
1516116217473,1092.72,1096.43999999,1092.72,0,1.143896,0
1516116219548,1092.72,1096.43999999,1092.72,0.050008,1.143896,0.04371726100974214
1516116223459,1088.56,1096.43999999,1088.56,0.050008,1.143896,0.04371726100974214
1516116225412,1088.56,1096.43999999,1088.56,0.050008,1.143896,0.04371726100974214
1516116226874,1088.56,1096.43999999,1088.56,0.050008,1.143896,0.04371726100974214
1516116227636,1088.56,1096.43999999,1088.56,0.050008,0.3,0.16669333333333333
1516116229495,1088.56,1096.43999999,1088.56,0.050008,0.3,0.16669333333333333
1516116232220,1088.56,1096.43999999,1088.56,0.050008,0.3,0.16669333333333333
1516116233407,1088.56,1096.43999999,1088.56,0.050008,0.3,0.16669333333333333
1516116235381,1088.56,1096.43999999,1088.56,0.050008,0.3,0.16669333333333333
1516116237916,1088.56,1096.43999999,1088.56,0.050008,0,
1516116240813,1089.56,1096.43999999,1088.56,0.050008,0,
1516116242323,1089.56,1096.43999999,1089.56,0.050008,0,
1516116243403,1089.56,1096.43999999,1089.56,0.050008,0,
1516116248576,1089.56,1096.43999999,1089.56,0.050008,0,
1516116248691,1089.56,1096.43999999,1089.56,0.050008,0,
1516116249384,1089.56,1096.43999999,1089.56,0.050008,0,
1516116251402,1089.56,1096.43999999,1089.56,0.050008,0,
1516116253476,1089.56,1096.43999999,1089.56,0.050008,0,
1516116257403,1089.56,1096.43999999,1089.56,0.050008,1.199,0.04170809007506255
1516116259058,1089.56,1096.43999999,1089.56,0.050008,1.199,0.04170809007506255
1516116259447,1089.561,1096.43999999,1089.56,0.050008,1.199,0.04170809007506255
1516116262589,1089.561,1096.43999999,1089.56,0,1.199,0
1516116264058,1089.561,1096.43999999,1089.56,0,1.199,0
1516116265436,1089.561,1096.43999999,1089.56,0,1.199,0
1516116267566,1089.56100001,1096.43999999,1096.43999999,0,1.199,0
1516116269454,1089.56100001,1096.43999999,1096.43999999,0,1.199,0
1516116271722,1089.56100001,1096.43999999,1096.43999999,0,1.199,0
1516116273589,1089.56100001,1096.43999999,1096.43999999,0,1.199,0
1516116275697,1089.56100001,1096.43999999,1096.43999999,0,1.199,0
1516116277379,1089.56100001,1096.43999999,1096.43999999,0,1.199,0
1516116279571,1089.56100001,1096.43999999,1096.43999999,0,1.199,0
1516116281535,1089.56100001,1096.43999999,1096.43999999,0,1.199,0
1516116283543,1089.56100001,1096.43999999,1096.43999999,0,0.999,0
1516116285490,1089.56100001,1096.43999999,1096.43999999,0,0.999,0
1516116287481,1089.56100001,1096.43999999,1096.43999999,0,0.999,0
1516116289875,1089.56100001,1096.43999999,1096.43999999,0,0.999,0
1516116291464,1089.56100001,1096.43999999,1096.43999999,0.02,1.29376125,0.015458802773695688
1516116293500,1089.56100001,1096.43999999,1096.43999999,0.02,1.29376125,0.015458802773695688
1516116296171,1089.56100001,1096.43999999,1096.43999999,0.02,1.29376125,0.015458802773695688
1516116297419,1089.56100001,1096.43999999,1096.43999999,0.02,1.29376125,0.015458802773695688
1516116299590,1089.56100001,1096.43999999,1096.43999999,0.02,0.29476125,0.06785152390281966
1516116303990,1089.56100001,1096.43999999,1096.43999999,0.02,0.29476125,0.06785152390281966
1516116305794,1089.56100001,1096.43999999,1096.43999999,0.02,0.29476125,0.06785152390281966
1516116305804,1089.562,1096.43999999,1096.43999999,0.02,0.29476125,0.06785152390281966
1516116307455,1089.562,1096.43999999,1096.43999999,0.02,0.29476125,0.06785152390281966
1516116309479,1089.562,1096.43999999,1096.43999999,0.02,0.29476125,0.06785152390281966
1516116311513,1089.562,1096.43999999,1096.43999999,0.02,0.29476125,0.06785152390281966
1516116314475,1089.56200001,1096.43999999,1096.43999999,0.02,0.29476125,0.06785152390281966
1516116316921,1089.56200001,1096.43999999,1096.43999999,0.02,0,
1516116317465,1089.56200001,1096.43999999,1096.43999999,0.02,0,
1516116319502,1089.56200001,1096.43999999,1096.43999999,0.99264627,0,
1516116323007,1096.43999999,1096.44,1096.43999999,0.97264627,0,
1516116324295,1096.43999999,1096.44,1096.43999999,0.97264627,0,
1516116325511,1096.43999999,1096.44,1096.43999999,0.97264627,0,
1516116328283,1096.43999999,1096.44,1096.43999999,0.97264627,0,
1516116329471,1096.43999999,1096.44,1096.43999999,0.97264627,0,
1516116333898,1089.56300001,1090.95779999,1096.43999999,0.97264627,0,
1516116334115,1089.56300001,1090.95779999,1096.43999999,0.97264627,0,
1516116335577,1089.56300001,1090.95779999,1096.43999999,0.97264627,0,
1516116337879,1089.56300001,1090.95779999,1096.43999999,0.97264627,0,
1516116339827,1089.56300001,1090.95779999,1096.43999999,0.97264627,0,
1516116341617,1089.56300001,1090.95779999,1096.43999999,0.97264627,0,
1516116343593,1096.43999999,1096.44,1096.44,2.226964,3.32336701,0.670092708177903
1516116345654,1096.43999999,1096.44,1096.44,2.226964,3.32336701,0.670092708177903
1516116347460,1096.43999999,1096.44,1096.44,2.13167579,3.32336701,0.6414205182833539
1516116349495,1096.43999999,1096.44,1096.44,2.13167579,3.32336701,0.6414205182833539
1516116351709,1096.43999999,1096.44,1096.44,2.13167579,3.32336701,0.6414205182833539
1516116353458,1096.43999999,1096.44,1096.44,2.13167579,3.32336701,0.6414205182833539
1516116357222,1089.56300001,1096.43999999,1096.43999999,2.13167579,3.32336701,0.6414205182833539
1516116357941,1089.56300001,1096.43999999,1096.43999999,2.13167579,3.32336701,0.6414205182833539
1516116359487,1089.56300001,1096.43999999,1096.43999999,2.13167579,3.32336701,0.6414205182833539
1516116361639,1089.56300001,1096.43999999,1096.43999999,1.25431773,3.32336701,0.3774237772192364
1516116364815,1096.44,1097,1096.44,1.25431773,3.32336701,0.3774237772192364
1516116365453,1096.44,1097,1096.44,1.25431773,3.32336701,0.3774237772192364
1516116367479,1096.44,1097,1096.44,1.25431773,3.32336701,0.3774237772192364
1516116369460,1096.44,1097,1096.44,1.25431773,3.32336701,0.3774237772192364
1516116371479,1096.44,1097,1096.44,1.25431773,3.32336701,0.3774237772192364
1516116373567,1096.44,1097,1096.44,1.25431773,3.32336701,0.3774237772192364
1516116375821,1096.44,1097,1096.44,1.41869652,3.3685154600000002,0.4211637253403016
1516116377582,1096.44,1097,1096.44,1.41869652,3.3685154600000002,0.4211637253403016
1516116379501,1096.44,1097,1096.44,1.07407879,3.3685154600000002,0.3188582040825782
1516116382499,1096.44,1097,1096.44,1.07407879,0.27384077,3.9222749410177307
1516116383558,1096.44,1097,1096.44,1.07407879,0.04514845,23.789937196072067
1516116385593,1096.44,1097,1096.44,1.07407879,0.04514845,23.789937196072067
1516116387521,1096.44,1097,1096.44,2.3715770600000003,0.04514845,52.528427000262475
1516116389561,1096.44,1097,1096.44,2.3715770600000003,0.04514845,52.528427000262475
1516116393811,1096.44,1097,1096.44,2.3715770600000003,0.04514845,52.528427000262475
1516116395355,1096.44,1097,1096.44,2.3715770600000003,0.04514845,52.528427000262475
1516116395522,1096.44,1097,1096.44,2.3715770600000003,0.04514845,52.528427000262475
1516116398114,1096.43999999,1097,1096.43999999,1.4618770600000002,0.04514845,32.37934104050084
1516116402230,1096.43999999,1097,1096.43999999,1.4618770600000002,0.04514845,32.37934104050084
1516116402341,1089.72300001,1096.42999999,1096.43999999,1.4618770600000002,0.04514845,32.37934104050084
1516116403493,1089.72300001,1096.42999999,1096.43999999,1.4618770600000002,6.3265295,0.23107093075279267
1516116406456,1089.72300001,1096.42999999,1096.43999999,1.4618770600000002,6.28138105,0.23273179072618116
1516116407659,1089.72300001,1096.42999999,1096.43999999,1.3072174300000001,6.28138105,0.2081098757732585
1516116409523,1089.72300001,1096.42999999,1096.43999999,1.2974982700000002,6.28138105,0.20656257910033973
1516116411695,1089.72300001,1096.42999999,1096.43999999,1.2974982700000002,6.28138105,0.20656257910033973
1516116413547,1089.72300001,1096.42999999,1096.43999999,1.2974982700000002,6.28138105,0.20656257910033973
1516116415489,1089.562,1096.42999999,1096.43999999,1.2974982700000002,6.28138105,0.20656257910033973
1516116419648,1089.562,1096.42999999,1096.43999999,1.2974982700000002,6.28138105,0.20656257910033973
1516116421499,1089.562,1096.42999999,1096.43999999,0,6.28138105,0
1516116422842,1089.562,1096.42999999,1096.43999999,0,6.28138105,0
1516116423550,1089.562,1096.42999999,1096.43999999,0,6.28138105,0
1516116425577,1089.562,1096.42999999,1096.42999999,0,6.28138105,0
1516116427493,1089.562,1096.42999999,1096.42999999,0,6.28138105,0
1516116429492,1089.562,1096.42999999,1096.42999999,0,6.28138105,0
1516116431493,1089.562,1096.42999999,1096.42999999,0,6.28138105,0
1516116433589,1089.562,1096.42999999,1096.42999999,0.10074134000000001,6.61370713,0.015232204574501624
1516116435546,1089.562,1096.42999999,1096.42999999,0.10074134000000001,6.61370713,0.015232204574501624
1516116437599,1089.562,1096.42999999,1096.42999999,0.10074134000000001,6.61370713,0.015232204574501624
1516116439588,1089.562,1096.42999999,1096.42999999,0.10074134000000001,6.41370713,0.01570719366476592
1516116441519,1089.562,1096.42999999,1096.42999999,0.10074134000000001,6.11370713,0.016477946662780362
1516116443573,1089.562,1096.42999999,1096.42999999,0.10074134000000001,5.90551772,0.017058849837808972
1516116445494,1089.56,1097.44,1089.56,0.10074134000000001,3.7218507599999997,0.027067538839198383
1516116447513,1089.562,1097.44,1089.56,0.10074134000000001,3.7218507599999997,0.027067538839198383
1516116449573,1089.562,1097.439,1089.56,0.10074134000000001,3.7218507599999997,0.027067538839198383
1516116451527,1089.562,1097.439,1089.56,0.10074134000000001,3.7218507599999997,0.027067538839198383
1516116453525,1089.56,1097.43899999,1089.56,0.10074134000000001,2.39442122,0.042073357502235974
1516116455527,1089.56,1097.43899999,1089.56,0.10074134000000001,2.39442122,0.042073357502235974
1516116458458,1089.562,1097.43799999,1089.562,0.10074134000000001,0.33232607999999997,0.30314003643650245
1516116459565,1089.562,1097.43799999,1089.562,0.10074134000000001,0.33232607999999997,0.30314003643650245
1516116461583,1089.562,1097.43799999,1089.562,1.00754134,1.05321184,0.9566369288062695
1516116463578,1089.562,1097.43799999,1089.562,1.00754134,0.78,1.2917196666666666
1516116465542,1089.562,1097.43799999,1089.562,1.00754134,0.78,1.2917196666666666
1516116467537,1089.562,1097.43799999,1089.562,1.00754134,0.78,1.2917196666666666
1516116469604,1089.562,1097.43799999,1089.562,1.00754134,0.78,1.2917196666666666
1516116471534,1089.562,1097.43799999,1089.562,1.00754134,0.78,1.2917196666666666
1516116473608,1089.562,1097.43799999,1089.562,1.00754134,0.78,1.2917196666666666
1516116477627,1089.562,1097.43799999,1089.562,1.00754134,0.78,1.2917196666666666
1516116478685,1089.562,1097.43799999,1089.562,1.00754134,0.78,1.2917196666666666
1516116480262,1089.562,1097.43799999,1089.562,0.9067999999999999,2.95,0.3073898305084745
1516116481562,1089.562,1097.43799999,1089.562,0.9067999999999999,2.95,0.3073898305084745
1516116483823,1089.562,1097.43799999,1097.43799999,0.9067999999999999,2.95,0.3073898305084745
1516116485552,1089.562,1097.43799999,1097.43799999,0.9067999999999999,2.95,0.3073898305084745
1516116487563,1089.56,1097.43799999,1089.56,0.9067999999999999,2.95,0.3073898305084745
1516116489541,1085,1097.43799999,1085,0.9067999999999999,2.95,0.3073898305084745
1516116491777,1085,1097.43799999,1085,0.9067999999999999,2.6500000000000004,0.34218867924528296
1516116493573,1085,1097.43799999,1085,2.22282342,3.25,0.6839456676923077
1516116495561,1085,1097.43799999,1085,2.22282342,3.25,0.6839456676923077
1516116497558,1085,1097.43799999,1085,2.22282342,2.9499999999999997,0.7534994644067797
1516116500241,1085,1097.43799999,1085,1.31602342,2.9499999999999997,0.44610963389830516
1516116501539,1085,1097.43799999,1085,1.31602342,2.7699999999999996,0.4750987075812275
1516116503614,1085,1097.43799999,1085,1.31602342,2.7699999999999996,0.4750987075812275
1516116505572,1085,1097.43799999,1085,1.31602342,2.7699999999999996,0.4750987075812275
1516116507752,1084.18148,1084.99,1085,1.31602342,2.7699999999999996,0.4750987075812275
1516116509590,1084.18148,1084.99,1085,1.31602342,2.7699999999999996,0.4750987075812275
1516116513561,1084.18148,1084.99,1085,1.31602342,2.4699999999999998,0.532803004048583
1516116515298,1084.18148,1084.99,1084.99,1.31602342,0.8999999999999999,1.4622482444444447
1516116515627,1084.18148,1084.99,1084.99,1.31602342,0.8999999999999999,1.4622482444444447
1516116517584,1084.18148,1084.99,1084.99,1.31602342,0.6,2.193372366666667
1516116521582,1084.18148,1084.99,1084.99,1.31602342,0.6,2.193372366666667
1516116521998,1084.18148,1085,1085,1.31602342,0.6,2.193372366666667
1516116523710,1084.18148,1085,1085,1.31602342,5.156375679999999,0.25522256361274287
1516116525654,1084.18148,1085,1085,1.31602342,5.156375679999999,0.25522256361274287
1516116527805,1084.18148,1085,1085,1.31602342,5.156375679999999,0.25522256361274287
1516116529574,1084.18148,1085,1085,1.31602342,5.156375679999999,0.25522256361274287
1516116531669,1084.98736338,1085,1085,1.31602342,5.156375679999999,0.25522256361274287
1516116534062,1084.18148001,1085,1085,1.31602342,5.156375679999999,0.25522256361274287
1516116535960,1084.18148001,1085,1085,1.31602342,5.156375679999999,0.25522256361274287
1516116538049,1084.18148001,1085,1085,1.31602342,5.156375679999999,0.25522256361274287
1516116541677,1084.18148001,1085,1085,7.73482321,5.156375679999999,1.500050362893652
1516116542075,1084.18148001,1085,1085,7.73482321,5.156375679999999,1.500050362893652
1516116543579,1084.18148001,1085,1085,7.73482321,5.156375679999999,1.500050362893652
1516116545654,1084.18148001,1085,1085,7.73482321,4.856375679999998,1.592715168609032
1516116547775,1084.18148001,1095.81599999,1085,7.73482321,4.5563756799999995,1.6975824105004442
1516116549570,1084.18148001,1095.816,1085,6.73482321,4.5563756799999995,1.4781097264569723
1516116551619,1084.18148001,1095.816,1085,6.73482321,4.25637568,1.5822905956459183
1516116555359,1084.18148,1095.816,1085,6.73482321,3.95637568,1.7022709051734946
1516116555984,1084.18148,1095.816,1085,6.73482321,3.95637568,1.7022709051734946
1516116558157,1085,1095.81599999,1085,6.73482321,3.95637568,1.7022709051734946
1516116561648,1097,1097.43999999,1097,8.02762321,3.65637568,2.195513785388705
1516116562700,1097,1097.43999999,1097,8.02762321,0,
1516116563850,1097,1097.44,1097,8.02762321,0,
1516116565932,1097,1097.44,1097,8.02762321,0,
1516116567612,1097,1097.44,1097,8.02762321,0,
1516116569654,1097,1097.44,1097,8.02762321,0,
1516116571629,1097,1097.44,1097,10.44441788,0,
1516116573592,1097,1097.44,1097,10.202098229999999,0,
1516116575596,1097,1097.44,1097,10.202098229999999,0,
1516116577664,1086.83598288,1096.99,1097,10.202098229999999,0,
1516116579718,1088.22900001,1096.99,1097,9.13030811,0,
1516116581840,1086.282,1096.99,1097,9.13030811,0,
1516116583608,1086.282,1096.99,1097,9.13030811,0,
1516116586533,1088.22900001,1096.99,1097,3.7095946699999995,0,
1516116587611,1088.22900001,1096.99,1097,3.7095946699999995,0,
1516116589855,1088.22900001,1096.99,1097,2.41679467,0,
1516116591607,1088.22900001,1096.99,1097,2.41679467,0,
1516116593656,1088.22900001,1096.99,1088.22900001,2.41679467,0,
1516116595674,1088.22900001,1097,1097,2.41679467,0,
1516116599228,1088.22900001,1097,1097,1.91410884,0,
1516116601203,1088.22900002,1097,1097,0,0,
1516116603518,1088.22900002,1097,1097,24.75509391,77.35386227000002,0.32002401927383417
1516116604795,1088.22900002,1097,1097,24.75509391,77.35386227000002,0.32002401927383417
1516116607831,1088.22900001,1097,1097,24.75509391,77.35386227000002,0.32002401927383417
1516116610004,1088.22900001,1097,1097,24.75509391,77.35386227000002,0.32002401927383417
1516116610882,1088.22900001,1097,1097,24.75509391,77.35386227000002,0.32002401927383417
1516116611674,1088.22900011,1097,1097,24.75509391,77.35386227000002,0.32002401927383417
1516116613657,1088.22900011,1097,1097,24.75509391,77.35386227000002,0.32002401927383417
1516116617764,1088.22900011,1097,1097,24.75509391,77.35386227000002,0.32002401927383417
1516116618428,1098,1099.907,1098,24.75509391,77.35386227000002,0.32002401927383417
1516116621368,1098,1099.907,1098,2.10895618,20.407652220000003,0.10334144061574956
1516116624208,1098,1099.907,1098,2.10895618,6.71196613,0.3142084061738255
1516116625713,1098,1099.907,1098,2.10895618,5.3217543,0.3962896558377375
1516116626497,1098,1099.907,1098,0,5.3217543,0
1516116628773,1098,1099.907,1098,0,4.25143301,0
1516116629615,1098,1099.907,1098,0,4.25143301,0
1516116631677,1098,1099.907,1098,0,3.1811116300000006,0
1516116633656,1098,1099.907,1098,2.73516871,3.5335286100000003,0.7740615718405064
1516116635874,1098,1099.907,1098,2.73516871,2.18320784,1.2528210369563348
1516116637743,1098,1100,1098,2.73516871,0.56304338,4.857829444686837
1516116639851,1098,1100,1098,2.73516871,0.56304338,4.857829444686837
1516116641800,1098,1100,1098,2.73516871,0.56304338,4.857829444686837
1516116644978,1100,1100.82575999,1100,2.73516871,0.56304338,4.857829444686837
1516116645666,1100,1100.82575999,1100,2.73516871,0.56304338,4.857829444686837
1516116647719,1100,1100.82575999,1100,2.73516871,0.56304338,4.857829444686837
1516116649649,1100,1100.82575999,1100,2.73516871,0.56304338,4.857829444686837
1516116653324,1100,1100.82575999,1100,2.73516871,0,
1516116653659,1100,1100.82575999,1100,2.73516871,0,
1516116656212,1100,1100.82575999,1100,0,0,
1516116657706,1100,1100.82575999,1100,0,0,
1516116663277,1100,1100.82575999,1100,7.160001819999999,9.97854115,0.7175399401945644
1516116664689,1098,1099.99,1098,7.160001819999999,9.97854115,0.7175399401945644
1516116664850,1098,1099.99,1098,7.160001819999999,9.97854115,0.7175399401945644
1516116668165,1098,1099.99,1098,7.160001819999999,9.97854115,0.7175399401945644
1516116669301,1098,1099.99,1098,7.160001819999999,9.97854115,0.7175399401945644
1516116672255,1098,1099.99,1098,7.160001819999999,9.97854115,0.7175399401945644
1516116672430,1098,1099.99,1098,7.160001819999999,9.97854115,0.7175399401945644
1516116673788,1098,1099.99,1098,2.8054695699999996,9.97854115,0.28115027315390684
1516116676275,1098,1099.99,1098,2.8054695699999996,9.28656821,0.3020997107391084
1516116679732,1098,1099.99,1098,2.8054695699999996,9.28656821,0.3020997107391084
1516116681722,1098,1099.99,1098,2.8054695699999996,50.276096499999994,0.05580126074425846
1516116682784,1098,1099.98999999,1098,2.8054695699999996,8.78656821,0.3192907063314085
1516116683658,1098,1099.98999999,1098,2.8054695699999996,49.776096499999994,0.056361783411441276
1516116685669,1098,1099.99,1098,2.8054695699999996,49.4760965,0.056703535009072506
1516116687796,1098,1099.99,1098,2.6236099499999996,48.77013217,0.05379542423331513
1516116689814,1098,1099.99,1098,2.6236099499999996,48.27013217,0.054352657265574665
1516116691745,1098,1099.98999999,1098,2.6236099499999996,48.070132169999994,0.0545787962621281
1516116693669,1098,1099.98999999,1098,2.61975855,48.070132169999994,0.054498675825047145
1516116695698,1098,1099.98999999,1098,2.07780021,47.90013216999999,0.04337775525599349
1516116697759,1089.65600001,1090.831,1094.164,2.07780021,47.600132169999995,0.043651143710679324
1516116701675,1089.65600001,1090.831,1094.164,2.07780021,42.20013216999999,0.049236817591701884
1516116703778,1089.65600001,1090.831,1094.164,2.07780021,41.58952828999999,0.04995969647724034
1516116704085,1089.65600001,1090.831,1094.164,2.07780021,41.58952828999999,0.04995969647724034
1516116707911,1089.65600001,1090.831,1094.164,0,40.989528289999996,0
1516116708241,1089.65600001,1090.831,1090.831,0,40.989528289999996,0
1516116709699,1089.65600001,1090.831,1090.831,0,39.84204234,0
1516116711900,1089.65600001,1090.831,1089.65600001,0,43.58276074,0
1516116713705,1089.65600001,1090.831,1089.65600001,0,43.28276074,0
1516116717773,1089.65600001,1090.831,1089.65600001,0,42.33344631,0
1516116718651,1091.3764155,1094.154,1090.831,0,39.49269253,0
1516116719688,1091.3764155,1094.154,1090.831,0,27.44212553,0
1516116721927,1091.3764155,1094.154,1090.831,0,22.44212553,0
1516116725687,1091.3764155,1094.154,1090.831,0,10.846591420000001,0
1516116727731,1091.3764155,1094.154,1090.831,0,10.846591420000001,0
1516116730392,1099.99,1100.82575999,1099.99,0,10.846591420000001,0
1516116730588,1099.99,1100.82575999,1099.99,0,10.846591420000001,0
1516116732204,1099.99,1104.29137237,1105,0,10.846591420000001,0
1516116734941,1099.99,1104.29137237,1105,0,4.841245850000001,0
1516116735774,1099.99,1104.29137237,1105,0,4.841245850000001,0
1516116737741,1099.99,1104.29137237,1099.99,0,4.841245850000001,0
1516116739736,1099.99,1104.29137237,1099.99,0,4.841245850000001,0
1516116741746,1099.99,1105,1099.99,0.98205038,4.9892458500000005,0.19683343124893313
1516116743735,1099.99,1105,1099.99,0.98205038,4.9892458500000005,0.19683343124893313
1516116745801,1099.99,1105,1099.99,0.98205038,4.9892458500000005,0.19683343124893313
1516116747740,1099.99,1105,1099.99,0.98205038,4.9892458500000005,0.19683343124893313
1516116749755,1099.99,1105,1099.99,0.98205038,4.4770341,0.2193528925768066
1516116751776,1106,1106.00000001,1106,0.98205038,0.148,6.635475540540541
1516116753781,1099.99,1105.447,1099.99,0.98205038,0.148,6.635475540540541
1516116755697,1106,1106.00000001,1106,0.98205038,0.148,6.635475540540541
1516116757958,1099.99,1105.44699998,1099.99,0.98205038,0.148,6.635475540540541
1516116759730,1099.99,1105.44699998,1099.99,4.33688772,6.169188049999999,0.7029916554415943
1516116761750,1099.99,1105.44699998,1099.99,4.33688772,6.169188049999999,0.7029916554415943
1516116763776,1099.99,1105.44699998,1099.99,4.33688772,6.169188049999999,0.7029916554415943
1516116766438,1099.99,1105.44699998,1099.99,4.33688772,6.169188049999999,0.7029916554415943
1516116768506,1099.99,1105.44699998,1099.99,3.86224073,6.169188049999999,0.6260533312807672
1516116771254,1099.99,1105.44699997,1099.99,3.82879289,6.021188049999999,0.6358866154329793
1516116771762,1099.99,1105.44699997,1099.99,3.82879289,6.021188049999999,0.6358866154329793
1516116773734,1099.99,1105.44699997,1099.99,3.81572697,6.021188049999999,0.6337166250770063
1516116775861,1092.63893897,1099.98,1099.99,3.81572697,6.021188049999999,0.6337166250770063
1516116779749,1092.63893897,1099.98,1099.99,13.30195612,81.74199623999996,0.16273099180187095
1516116779925,1093.56967661,1105.44699997,1092.63893897,13.30195612,81.74199623999996,0.16273099180187095
1516116781739,1093.56967661,1105.44699997,1092.63893897,13.30195612,81.74199623999996,0.16273099180187095
1516116783735,1093.56967661,1105.44699997,1092.63893897,13.30195612,81.74199623999996,0.16273099180187095
1516116786198,1093.56967661,1105.44699997,1092.63893897,12.50195612,81.74199623999996,0.15294410089146124
1516116787747,1091.69000011,1105.44699994,1092.63893897,12.50195612,81.74199623999996,0.15294410089146124
1516116789748,1091.69000011,1105.44699995,1092.63893897,10.737291039999999,81.74199623999996,0.13135587010224944
1516116791763,1091.69000011,1105.44699995,1091.69000011,9.94711878,76.50272423999996,0.13002306622172655
1516116793922,1091.69000022,1105.44699994,1091.69000012,9.94711878,76.50272423999996,0.13002306622172655
1516116795830,1092.51555092,1105.44699994,1091.69000023,9.94711878,75.89521723999997,0.13106384225167553
1516116797811,1092.51555092,1105.44699994,1092.51555102,9.94711878,75.72080818999997,0.13136572387131046
1516116799829,1092.51555092,1105.44699994,1092.51555102,9.94711878,75.71480109999997,0.13137614621561758
1516116801739,1092.51555092,1105.44699994,1092.51555102,9.94711878,75.21480109999997,0.13224948593262986
1516116803748,1092.51555092,1105,1092.51555092,9.94711878,69.91480109999998,0.14227486345520052
1516116805769,1092.51555092,1105,1092.51555092,9.94711878,69.91480109999998,0.14227486345520052
1516116807874,1091.71738743,1105,1092.51555092,9.94711878,69.91480109999998,0.14227486345520052
1516116810236,1092.52576381,1105,1093.82205474,10.2148224,78.7249387,0.12975332300893871
1516116811809,1092.52576381,1104.999,1093.82205474,0.26770362000000003,53.466038059999995,0.005006984428125775
1516116815743,1092.52576381,1104.999,1093.82205474,0.26770362000000003,38.619057489999996,0.006931904541412464
1516116817750,1092.52576381,1104.999,1093.82205474,0.26770362000000003,38.619057489999996,0.006931904541412464
1516116818453,1095,1104.99899997,1093.82205474,0.26770362000000003,38.119057489999996,0.007022828937211481
1516116819753,1095,1104.99899997,1093.82205474,0.26770362000000003,38.119057489999996,0.007022828937211481
1516116823801,1095,1104.99899997,1093.82205474,0.26770362000000003,32.619057489999996,0.008206969808433912
1516116825898,1095,1104.99899997,1093.82205474,0.26770362000000003,28.93514166,0.009251851024115567
1516116826530,1095,1104.99899996,1093.82205474,0.26770362000000003,9.4101376,0.028448427789196196
1516116829738,1095,1104.99899996,1093.82205474,0.26770362000000003,9.210137600000001,0.029066191150064903
1516116831871,1095,1104.99899996,1093.82205474,0.26770362000000003,8.9101376,0.03004483567122465
1516116832503,1095,1102.99999999,1095,0.26770362000000003,8.9101376,0.03004483567122465
1516116835782,1095,1102.99999999,1095,0.26770362000000003,2.6795069999999996,0.0999077890074555
1516116837778,1095,1102.99999999,1095,0.06770362,1.8149999999999997,0.0373022699724518
1516116838524,1095,1104.9989999,1098,0.06770362,0.7150000000000001,0.09469037762237761
1516116839815,1095,1104.99899991,1098,0.06770362,1.8149999999999997,0.0373022699724518
1516116841756,1095,1104.99899991,1098,0.06770362,1.8149999999999997,0.0373022699724518
1516116843781,1095,1104.998,1098,0,1.6999999999999997,0
1516116845766,1095,1104.998,1098,0,1.6999999999999997,0
1516116848052,1095,1104.99799998,1095,0,1.6999999999999997,0
1516116849779,1095,1104.99799998,1095,0,1.6999999999999997,0
1516116851808,1095,1104.99799998,1095,0,1.4999999999999998,0
1516116853843,1095,1104.99799991,1095,0,1.2999999999999998,0
1516116855765,1095,1104.99799998,1095,0,1.0999999999999999,0
1516116857778,1095,1104.99799998,1095,0,0.8999999999999999,0
1516116859772,1095,1104.99799998,1095,0,0.8999999999999999,0
1516116861792,1095,1104.99799998,1095,0,0.8999999999999999,0
1516116863825,1095,1104.99799998,1095,0,0.7,0
1516116865771,1095,1104.99799995,1095,0,0.7,0
1516116867869,1095,1104.99799995,1095,0,8.09068493,0
1516116871808,1095,1104.99799995,1095,0,7.89068493,0
1516116873863,1095,1104.99799995,1095,0,7.89068493,0
1516116874405,1096,1099.99999999,1096,0,7.89068493,0
1516116875935,1096,1099.99999999,1096,0,7.89068493,0
1516116877897,1096,1099.99999999,1096,0,7.89068493,0
1516116879781,1096,1099.99999999,1096,0,7.89068493,0
1516116881942,1091.69000011,1099.99999999,1095,0,7.89068493,0
1516116885374,1091.69000011,1099.99999999,1095,0,7.89068493,0
1516116885784,1091.69000011,1099.99999999,1095,0,7.89068493,0
1516116888010,1095,1099.99999999,1091.69000011,0,7.39068493,0
1516116890023,1091.69000011,1099.99999999,1091.69000011,0,7.39068493,0
1516116891898,1091.69000011,1099.99999999,1091.69000011,0,4.65068493,0
1516116895823,1091.69000011,1099.99999999,1091.69000011,0,4.4506849299999995,0
1516116897651,1091.69000011,1093.82205474,1091.69000011,0,4.4506849299999995,0
1516116897872,1091.69000011,1093.82205474,1091.69000011,0,6.250684929999999,0
1516116899867,1091.69000011,1093.82205474,1091.69000011,0,3.9000000000000004,0
1516116901810,1091.69000011,1093.82205474,1091.69000011,0,3.9000000000000004,0
1516116903784,1091.69000011,1093.82205474,1091.69000011,0,3.4000000000000004,0
1516116905831,1091.69000011,1093.82205474,1091.69000011,0,3.1000000000000005,0
1516116907913,1091.69000011,1104.031,1104.031,0,3.1000000000000005,0
1516116909821,1091,1104.031,1091,0,3.1000000000000005,0
1516116911832,1090.831,1104.03099998,1090.831,0,3.1000000000000005,0
1516116913804,1090.831,1104.03099998,1090.831,0,2.9000000000000004,0
1516116915853,1097.72,1104.03099998,1097.72,0,2.4000000000000004,0
1516116917864,1097.72,1104.03099998,1097.72,5.51205,8.31036815,0.6632738647083884
1516116919869,1097.72,1104.03099998,1097.72,5.51205,7.81036815,0.7057349787026365
1516116921864,1097.72,1104.03099997,1097.72,5.51205,7.41036815,0.7438294411864005
1516116924974,1097.72,1104.03099994,1097.72,5.51205,7.41036815,0.7438294411864005
1516116925970,1097.72,1104.03099994,1097.72,5.51205,7.11036815,0.7752130246589272
1516116927805,1097.72,1104.03099992,1097.72,5.51205,6.81036815,0.8093615320927988
1516116930758,1097.72,1104.03099992,1097.72,5.51205,6.81036815,0.8093615320927988
1516116931805,1097.72,1104.03099992,1097.72,5.51205,6.81036815,0.8093615320927988
1516116934155,1097.72,1104.03099992,1097.72,5.51205,6.61036815,0.8338491707152498
1516116936305,1097.72,1104.03099992,1097.72,5.51205,6.41036815,0.8598648113525275
1516116937821,1097.72,1104.02999998,1097.72,5.51205,6.41036815,0.8598648113525275
1516116939902,1097.72,1104.02999992,1097.72,5.51205,2,2.756025
1516116941931,1097.72,1104.02999992,1097.72,5.51205,2,2.756025
1516116943921,1097.72,1103.81244373,1097.72,5.51205,2,2.756025
1516116947828,1097.72,1103.81244373,1097.72,5.51205,99.90448574000003,0.05517319827204787
1516116949822,1097.72,1103.81244373,1097.72,5.51205,99.70448574000002,0.055283871724425775
1516116950968,1091,1097.71999999,1097.72,5.51205,1.3,4.240038461538462
1516116951807,1091,1097.71999999,1097.72,5.51205,99.70448574000002,0.055283871724425775
1516116954499,1091,1097.71999999,1091,5.51205,99.70448574000002,0.055283871724425775
1516116955905,1091,1097.71999996,1091,5,99.40448574000003,0.05029954093900631
1516116958127,1091,1097.71999995,1091,5,99.40448574000003,0.05029954093900631
1516116960033,1091,1097.71999995,1091,5,99.20448574000002,0.05040094671831922
1516116961830,1091,1099.99999999,1091,5,98.80448574000002,0.05060498987016942
1516116963819,1091,1097.71999993,1097.71999993,5,98.60448574000002,0.050707632238800815
1516116965820,1091,1097.71999993,1091,5,98.40448574000001,0.050810691833813135
1516116968035,1090.831,1091,1091,0,100.55448574000002,0
1516116970040,1090.831,1091,1091,0,100.35448574000002,0
1516116971833,1090.831,1091,1091,0,99.85448574,0
1516116973920,1090.831,1091,1091,0,99.65448574,0
1516116975942,1090.831,1091,1091,0,77.38687474,0
1516116977934,1090.831,1091,1091,0,60.61093187,0
1516116979913,1090.831,1091,1091,1.5,41.20629813,0.03640220228635229
1516116981880,1090.831,1091,1091,1.5,40.65614226,0.036894794159449594
1516116983901,1090.831,1091,1091,1.5,6.908414260000001,0.2171265276729366
1516116986052,1088.22900001,1091,1091,1.5,6.408414260000001,0.23406726518332163
1516116988353,1088.22900001,1091,1088.22900001,1.5,5.7084142600000005,0.262769997354747
1516116990220,1088.22900001,1091,1088.22900001,1.5,5.408414260000001,0.27734561886167347
1516116991871,1088.22900002,1091,1088.22900001,1.5,5.2084142600000005,0.28799552514856985
1516116994023,1088.22900002,1091,1091,1.5,4.7084142600000005,0.31857859507884506
1516116995884,1088.22900002,1091,1091,1.5,4.55841426,0.32906179966188503
1516116998116,1088.59790879,1091,1091,1.5,4.05841426,0.3696024860705077
1516116999887,1088.59790879,1091,1091,2.0271914,6.26901726,0.3233666962339804
1516117001860,1088.59790879,1091,1091,2.0271914,6.26901726,0.3233666962339804
1516117004521,1088.59790879,1091,1091,2.0271914,5.923503,0.34222847527890166
1516117007948,1091,1099.99999999,1088.59790879,1.5271914,5.923503,0.25781896286707373
1516117009928,1091,1099.99999999,1088.59790879,1.5271914,5.923503,0.25781896286707373
1516117009954,1091,1100,1088.59790879,1.5271914,5.923503,0.25781896286707373
1516117012826,1091,1100,1088.59790879,1.5271914,5.4706030000000005,0.27916326591419627
1516117014199,1091,1100,1088.59790879,1.5271914,3.4106030000000005,0.44777753376748913
1516117015875,1091,1100,1088.59790879,1.5271914,2.9106030000000005,0.5246993148842353
1516117018052,1091,1100,1088.59790879,1.5271914,2.9106030000000005,0.5246993148842353
1516117020237,1091,1100,1088.59790879,1.5271914,2.9106030000000005,0.5246993148842353
1516117022422,1091,1100,1088.59790879,1.5271914,2.7106030000000003,0.563413897202947
1516117024274,1091,1100,1088.59790879,0.5271914,2.7106030000000003,0.19449229562573342
1516117028264,1090.19093748,1100,1088.59900001,0.5271914,0.9235030000000001,0.5708605169663769
1516117030030,1090.19093748,1100,1090.19093748,6.04901404,4.123503,1.4669600191875694
1516117030081,1090.19093748,1100,1090.19093748,6.04901404,4.123503,1.4669600191875694
1516117031985,1090.19093748,1100,1090.19093748,6.04901404,4.123503,1.4669600191875694
1516117034073,1095,1100,1095,6.04901404,4.123503,1.4669600191875694
1516117035960,1095,1100,1095,5.95687162,4.123503,1.4446143533786686
1516117038010,1095,1100,1095,5.95687162,4.123503,1.4446143533786686
1516117039993,1095,1100,1095,5.95687162,4.123503,1.4446143533786686
1516117041941,1100,1103.81244371,1100,5.95687162,4.123503,1.4446143533786686
1516117043991,1100,1103.81244371,1100,5.53155162,3.7,1.4950139513513514
1516117045917,1092.482,1103.81244371,1092.482,5.53155162,3.7,1.4950139513513514
1516117047999,1092.482,1103.81244371,1092.482,5.53155162,3.2,1.72860988125
1516117050116,1092.482,1100,1100,5.53155162,3.2,1.72860988125
1516117051930,1092.482,1100,1100,5.53155162,3.2,1.72860988125
1516117054068,1092.482,1100,1100,5.52182264,3.2,1.725569575
1516117055915,1092.482,1100,1100,5.52182264,3.2,1.725569575
1516117059912,1092.482,1100,1100,2.02,5.06254394,0.39900888247895383
1516117061231,1095,1100,1095,0,3.2,0
1516117061926,1095,1100,1095,2.02,4.86254394,0.41542041057627954
1516117063933,1095,1096.94979349,1095,2.02,4.86254394,0.41542041057627954
1516117066018,1095.26584002,1096.7498,1095.26584002,2.02,4.86254394,0.41542041057627954
1516117067971,1095.26584002,1096.7498,1095.26584002,2.02,4.86254394,0.41542041057627954
1516117069992,1095.26584002,1096.7498,1095.26584002,2.02,4.86254394,0.41542041057627954
1516117071918,1095.26584002,1096.7498,1095.26584002,2.02,4.86254394,0.41542041057627954
1516117074017,1096.94979349,1100,1096.94979349,2.02,4.86254394,0.41542041057627954
1516117076024,1096.951,1100,1096.94979349,2.02,4.86254394,0.41542041057627954
1516117077913,1096.951,1100,1096.94979349,2.02,4.86254394,0.41542041057627954
1516117079987,1096.94979349,1100,1096.94979349,2.02,4.86254394,0.41542041057627954
1516117082015,1096.94979349,1100,1100,2.02,4.86254394,0.41542041057627954
1516117084112,1100,1103.81244371,1100,2.02,4.86254394,0.41542041057627954
1516117085959,1100,1103.81244371,1100,2.02,1.8625439400000001,1.0845381720229375
1516117088004,1100,1103.81244371,1100,2.02,1.8625439400000001,1.0845381720229375
1516117089987,1100,1103.81244371,1100,2.02,1.56254394,1.292763645417869
1516117091978,1100,1103.81244371,1100,2.5545999999999998,8.42695302,0.3031463441100328
1516117095402,1100,1101.1938945,1100,2.5545999999999998,8.19043945,0.3119002363176008
1516117097996,1100,1101.1938945,1100,2.5545999999999998,8.07313945,0.31643204181243273
1516117111974,1101.1938945,1103.81244371,1101.1938945,0.99728588,11.088824160000001,0.08993612538265733
1516117112053,1101.1938945,1103.81244371,1101.1938945,0.99728588,11.088824160000001,0.08993612538265733
1516117112986,1101.1938945,1103.81244371,1101.1938945,0.99728588,11.088824160000001,0.08993612538265733
1516117113003,1101.1938945,1103.81244371,1101.1938945,0.99728588,11.088824160000001,0.08993612538265733
1516117114053,1101.1938945,1103.81244371,1101.1938945,0.99728588,11.088824160000001,0.08993612538265733
1516117114998,1101.1938945,1103.81244371,1101.1938945,0.99728588,11.088824160000001,0.08993612538265733
1516117115941,1101.1938945,1103.81244371,1101.1938945,0.99728588,11.088824160000001,0.08993612538265733
1516117117928,1101.1938945,1103.81244371,1101.1938945,0.99728588,11.088824160000001,0.08993612538265733
1516117119262,1101.1938945,1103.81244371,1101.1938945,0.99728588,11.088824160000001,0.08993612538265733
1516117132961,1101.1938945,1106,1101.1938945,0.99728588,4.64171508,0.21485288580013404
1516117132964,1101.1938945,1103.81244371,1101.1938945,0.99728588,4.64171508,0.21485288580013404
1516117134006,1101.1938945,1106,1101.1938945,0.46268588,4.64171508,0.09967993985533467
1516117134945,1101.1938945,1106,1101.1938945,0.46268588,4.22441508,0.10952661403717932
1516117134957,1101.1938945,1106,1101.1938945,0.46268588,4.22441508,0.10952661403717932
1516117135995,1101.1938945,1106,1101.1938945,0.46268588,4.22441508,0.10952661403717932
1516117136969,1101.1938945,1106,1101.1938945,0.46268588,4.22441508,0.10952661403717932
1516117137987,1101.1938945,1106,1101.1938945,0.46268588,1.4,0.3304899142857143
1516117139949,1101.1938945,1105.99999999,1101.1938945,0.46268588,1.4,0.3304899142857143
1516117141996,1101.1938945,1105.99999999,1101.1938945,0.10197918,1.0999999999999999,0.09270834545454547
1516117144659,1101.1938945,1105.99999999,1101.1938945,0.00925032,0.6,0.015417199999999999
1516117146041,1101.1938945,1105.99999999,1101.1938945,0.00925032,0.6,0.015417199999999999
1516117147976,1101.1938945,1105.99999999,1101.1938945,0.00925032,0.6,0.015417199999999999
1516117150140,1101.2,1105.5,1101.1938945,0.00925032,0.6,0.015417199999999999
1516117151971,1101.2,1105.5,1101.1938945,0.00925032,0.6,0.015417199999999999
1516117154141,1105,1105.5,1105,0.00325032,0.6,0.0054172000000000005
1516117156374,1100,1100.64329755,1105,3.5568226,3.8030170300000004,0.9352633900774301
1516117158052,1100,1101.875,1100,3.5568226,3.5030170300000005,1.0153597797382101
1516117159977,1100,1101.875,1100,3.5568226,3.5030170300000005,1.0153597797382101
1516117162895,1100,1101.87499999,1100,3.55357228,3.5030170300000005,1.0144319167069535
1516117163970,1100,1101.87499999,1100,3.55357228,3.5030170300000005,1.0144319167069535
1516117166084,1100,1101.875,1100,3.55357228,3.5030170300000005,1.0144319167069535
1516117167984,1100,1101.875,1100,3.55357228,3.5030170300000005,1.0144319167069535
1516117170369,1100,1101.875,1100,3.55357228,3.5030170300000005,1.0144319167069535
1516117172652,1100,1101.875,1100,3.55357228,3.5030170300000005,1.0144319167069535
1516117173971,1100,1101.875,1100,3.55357228,3.2030170300000003,1.1094453281754795
1516117176216,1100,1101.875,1100,3.55357228,3.2030170300000003,1.1094453281754795
1516117178830,1100,1101.875,1100,20.30549846,23.144367820000006,0.8773408121544446
1516117180053,1100.001,1101.875,1100,20.30549846,23.144367820000006,0.8773408121544446
1516117182001,1096.9510001,1101.875,1101.875,20.30549846,22.835967820000008,0.8891893096037824
1516117184067,1096.951,1101.87499999,1101.875,20.30549846,22.835967820000008,0.8891893096037824
1516117186135,1096.951,1101.875,1096.951,16.751926179999998,22.835967820000008,0.7335763612930154
1516117187989,1096.951,1101.875,1096.951,16.751926179999998,21.946992540000007,0.7632902845102071
1516117189976,1096.951,1101.875,1096.951,16.751926179999998,21.095009550000004,0.7941179709017954
1516117192869,1095.195,1101.875,1095.195,16.751926179999998,21.095009550000004,0.7941179709017954
1516117194102,1095.195,1101.875,1095.195,16.751926179999998,21.095009550000004,0.7941179709017954
1516117195981,1095.195,1101.875,1095.195,16.751926179999998,20.241350790000002,0.8276091034535149
1516117199976,1095.195,1101.875,1095.195,16.751926179999998,19.94135079,0.8400597510375574
1516117200918,1095.1938945,1101.875,1095.1938945,16.751926179999998,19.741350790000002,0.8485704123390432
1516117201962,1095.1938945,1101.875,1095.1938945,16.751926179999998,19.741350790000002,0.8485704123390432
1516117203992,1095.1938945,1101.875,1095.1938945,0.48000028,19.34135079,0.024817309050005603
1516117206003,1095.1938945,1101.875,1095.1938945,0.30000028,19.34135079,0.01551082358503669
1516117208011,1095.1938945,1101.875,1095.1938945,0.30000028,19.04135079,0.01575519947658083
1516117210039,1095.1938945,1105.99999995,1105.99999996,2.8849817499999997,16.107445549999998,0.17910858311111907
1516117212011,1095.1938945,1105.99999995,1105.99999996,2.8849817499999997,15.60744555,0.18484650423784435
1516117214098,1095.1938945,1105.999,1105.99999996,2.8849817499999997,15.43847768,0.18686957417682387
1516117216013,1095.1938945,1105.999,1105.99999996,2.8849817499999997,7.68044555,0.3756268736258406
1516117218093,1095.1938945,1105.999,1105.99999996,2.8849817499999997,7.48044555,0.3856697747101441
1516117220953,1095.1938945,1105.99899998,1105.99999996,2.8849817499999997,7.18044555,0.4017831107987442
1516117222004,1095,1105.99899998,1095,2.8849817499999997,6.98044555,0.4132947860326766
1516117224003,1095,1105.99899998,1095,2.8849817499999997,6.68044555,0.4318546911889731
1516117226151,1095,1095.1938945,1095,2.8849817499999997,6.07893855,0.47458643088274016
1516117228007,1095,1095.1938945,1095,2.8849817499999997,5.77893855,0.49922346898808945
1516117230010,1095.195,1105.99899996,1095.1938945,2.8849817499999997,5.57893855,0.5171201876744098
1516117232148,1095.195,1105.99899995,1095.1938945,2.8849817499999997,5.22769772,0.5518646839435084
1516117236026,1096,1105.99899994,1095.1938945,2.8849817499999997,4.42769772,0.6515760407420043
1516117237751,1096,1105.99899994,1096,2.58498147,1.955507,1.3218983465669003
1516117238031,1096,1105.99899994,1096,2.58498147,1.955507,1.3218983465669003
1516117240053,1096,1105.99899994,1096,2.28448147,1.955507,1.168229758318431
1516117242148,1100,1105,1100,2.01,2.541014,0.7910227964111963
1516117244260,1100,1104.99999999,1104.99999999,2.01,2.541014,0.7910227964111963
1516117246118,1100,1104.99999999,1104.99999999,2.01,2.381014,0.8441781526694089
1516117250406,1100,1104.99999996,1100,2.01,2.381014,0.8441781526694089
1516117252017,1100,1104.99999996,1100,2.01,2.081014,0.965875289642453
1516117252936,1100,1104.99999996,1100,2.01,2.081014,0.965875289642453
1516117254059,1100,1104.99999995,1100,2.01,2.081014,0.965875289642453
1516117256728,1100,1104.99999994,1100,2.01,1.185507,1.6954771249769083
1516117261055,1100,1104.99999994,1100,2.11526675,0.585507,3.612709583318389
1516117262063,1100,1104.99999994,1100,2.11526675,0.585507,3.612709583318389
1516117263224,1100,1104.99999991,1100,2.11526675,0.585507,3.612709583318389
1516117264111,1100,1104.99999991,1100,2.11526675,0.585507,3.612709583318389
1516117266053,1100,1104.99999991,1100,2.11526675,0.585507,3.612709583318389
1516117268087,1100,1104.99999991,1100,0.10526674999999999,1.3855070000000003,0.0759770611047075
1516117270269,1100,1104.99999991,1100,0.10526674999999999,1.3855070000000003,0.0759770611047075
1516117272208,1100,1104.99999986,1100,0.10526674999999999,1.3855070000000003,0.0759770611047075
1516117275167,1100,1104.99999986,1100,0.10526674999999999,1.3855070000000003,0.0759770611047075
1516117276057,1100,1104.99999986,1100,0.10526674999999999,1.3855070000000003,0.0759770611047075
1516117278130,1100,1104.99999986,1100,2.10526675,2.00777487,1.0485571771301232
1516117280163,1100,1104.99999986,1100,2.10526675,2.00777487,1.0485571771301232
1516117284680,1100,1104.99999986,1100,2.10526675,1.42226787,1.480218174372455
1516117285393,1100,1104.99999986,1100,2.09436987,1.42226787,1.4725565515306198
1516117286380,1100,1104.99999986,1100,2,1.42226787,1.406204866316779
1516117290046,1096,1100,1100,2,1.42226787,1.406204866316779
1516117291160,1096,1100,1100,2,1.42226787,1.406204866316779
1516117292118,1096,1100,1100,2,3.9222678699999993,0.5099090797182091
1516117294241,1096,1100,1100,2,3.9222678699999993,0.5099090797182091
1516117296098,1096,1100,1100,2,3.6222678699999995,0.5521402811106845
1516117298073,1096,1100,1100,2,3.4222678699999993,0.5844077892125962
1516117300591,1096,1100,1096,2,3.1222678699999995,0.6405600298477915
1516117304717,1096,1100,1096,0,2.8222678699999997,0
1516117304765,1096,1100,1096,0,2.8222678699999997,0
1516117307099,1096,1100,1096,0,2.8222678699999997,0
1516117308109,1096,1100,1096,0,2.8222678699999997,0
1516117310154,1096.43494869,1100,1096,15.72782902,7.67773213,2.0484993164250964
1516117312222,1096,1100,1096,15.72782902,7.67773213,2.0484993164250964
1516117314470,1096,1100,1096,15.72782902,7.37773213,2.1317972437690007
1516117316364,1096.00000001,1100,1096,15.72782902,6.87773213,2.2867754548620374
1516117318406,1096,1100,1096,15.72782902,6.37773213,2.466053559386477
1516117322481,1096.89492219,1106.00000001,1106.00000001,15.72782902,5.87773213,2.6758329015582407
1516117323585,1096.00000002,1100,1100,15.72782902,5.87773213,2.6758329015582407
1516117324147,1096.89492219,1106.00000001,1106.00000001,15.72782902,6.69679844,2.3485594140115706
1516117327661,1096.00000002,1106.00000001,1096.89492219,15.72782902,6.39679844,2.4587032353015643
1516117328112,1096.00000002,1106.00000001,1096.89492219,15.72782902,6.19679844,2.538057219753625
1516117330205,1096.00000002,1106.00000001,1096.89492219,15.72782902,5.69679844,2.760818938154322
1516117332333,1098.03018759,1106.00000001,1096.89492219,15.72782902,5.49679844,2.861270827314527
1516117335292,1098.03018759,1106.00000001,1096.89492219,0.94545718,4.38729144,0.2154990597114287
1516117336196,1098.03018759,1106.00000001,1096.89492219,0.94545718,4.18729144,0.22579206476251387
1516117338309,1098.03018759,1106.00000001,1096.89492219,0.94545718,3.6872914399999996,0.2564096696408679
1516117340146,1098.03018759,1106.00000001,1096.89492219,0.94545718,2.2872914399999997,0.41335230109548265
1516117342212,1096.89492219,1106.00000001,1106.00000001,0.94545718,0.81906631,1.1543109128734645
1516117345346,1099.47066436,1106.00000001,1106.00000001,0,0.81906631,0
1516117347130,1101.50663845,1106.00000001,1106.00000001,0,0.81906631,0
1516117348078,1101.50663845,1106.00000001,1106.00000001,0,0.81906631,0
1516117350167,1101.50663845,1106.00000001,1106.00000001,0,0.81906631,0
1516117352147,1101.50663845,1106.00000001,1106.00000001,0,0.81906631,0
1516117354394,1104.99999995,1106.00000001,1104.99999995,10.541212999999999,1.81906631,5.794848127334071
1516117356098,1104.99999995,1106.00000001,1104.99999995,10.541212999999999,1.62906631,6.470708365456283
1516117358210,1104.99999995,1106.00000001,1104.99999995,10.541212999999999,1,10.541212999999999
1516117360125,1104.99999995,1106.00000001,1104.99999995,10.541212999999999,1,10.541212999999999
1516117362404,1104.99999995,1106.00000001,1104.99999995,10.541212999999999,1,10.541212999999999
1516117365423,1104.99999995,1106.00000001,1104.99999995,10.541212999999999,1,10.541212999999999
1516117366231,1104.99999995,1106.00000001,1104.99999995,10.541212999999999,1,10.541212999999999
1516117368323,1106,1109.41904761,1109.41904761,10.541212999999999,1,10.541212999999999
1516117370116,1106,1109.41904761,1109.41904761,10.541212999999999,1,10.541212999999999
1516117372186,1106,1109.41904761,1109.41904761,10.541212999999999,1,10.541212999999999
1516117374119,1106,1109.41904761,1106,23.806213000000003,1,23.806213000000003
1516117376190,1104.99999995,1109.41904761,1104.99999995,23.806213000000003,1,23.806213000000003
1516117378163,1104.99999995,1109.41904761,1104.99999995,23.806213000000003,1,23.806213000000003
1516117380213,1104.99999996,1109.41904761,1104.99999995,20.946097,1,20.946097
1516117382282,1104.99999996,1109.41904761,1104.99999995,13.265,1,13.265
1516117384467,1104.99999996,1109.41904761,1104.99999995,15.157,1.8276935300000001,8.292965834375963
1516117386195,1105.00000006,1109.41904761,1109.41904761,15.157,0.8276935300000001,18.312333551767644
1516117388197,1105.00000001,1110.99,1104.99999998,15.157,0.8276935300000001,18.312333551767644
1516117390197,1105.00000001,1110.99,1104.99999998,15.157,0.8276935300000001,18.312333551767644
1516117392095,1105.00000001,1110.99,1104.99999998,15.157,0.8276935300000001,18.312333551767644
1516117394086,1105.00000001,1110.99,1104.99999998,15.157,0.8276935300000001,18.312333551767644
1516117396249,1110,1110.99,1109.96,15.157,0.8276935300000001,18.312333551767644
1516117398184,1110,1110.99,1110,15.157,0.8276935300000001,18.312333551767644
1516117401301,1110,1110.99,1110,1.8920000000000001,0.8276935300000001,2.2858702302529776
1516117402195,1105.00000002,1114.22499999,1105.00000002,1.8920000000000001,0.8276935300000001,2.2858702302529776
1516117404117,1105.00000002,1110,1105.00000002,1.8920000000000001,0.8276935300000001,2.2858702302529776
1516117406317,1105.00000003,1110,1110,1.8920000000000001,0.8276935300000001,2.2858702302529776
1516117408156,1105.00000003,1110,1110,1.8920000000000001,0.8276935300000001,2.2858702302529776
1516117410133,1105.00000003,1110,1110,1.8920000000000001,0.8276935300000001,2.2858702302529776
1516117412248,1110.55,1114.77518897,1110,1.8920000000000001,0.8276935300000001,2.2858702302529776
1516117414240,1110.55,1114.77518897,1110,4.708022879999999,10.30363319,0.4569284244871298
1516117416212,1110.55,1114.77518897,1110,4.708022879999999,10.15613364,0.4635644869281179
1516117418664,1110.55,1114.77518897,1110,4.708022879999999,10.15613364,0.4635644869281179
1516117420358,1110.55,1114.77518897,1110,4.404022879999999,10.15613364,0.43363183629789254
1516117422326,1110.55,1114.77518897,1110,4.404022879999999,10.15613364,0.43363183629789254
1516117425988,1110.55,1114.77518897,1110,4.31602288,9.87990305,0.436848707741115
1516117426135,1110.55,1114.77518897,1110,4.31602288,9.87990305,0.436848707741115
1516117428275,1110.55,1114.77518897,1110,4.31602288,9.87990305,0.436848707741115
1516117430149,1114.77518897,1114.815424,1114.77518897,2.8160228800000002,9.87990305,0.285025355587877
1516117432337,1114.77518897,1114.815424,1114.77518897,2.8160228800000002,9.67593966,0.29103353048400477
1516117434199,1114.77518897,1114.815424,1114.77518897,2.8160228800000002,9.47593966,0.2971761092872979
1516117436263,1115.36,1116.86150628,1114.815424,2.8160228800000002,9.47593966,0.2971761092872979
1516117438247,1115.36,1116.86150628,1115.36,2.8160228800000002,9.47593966,0.2971761092872979
1516117440350,1115.36,1116.86150628,1115.36,2.8160228800000002,7.29098341,0.38623361508924353
1516117442421,1115.36,1116.86150628,1115.36,2.8160228800000002,7.29098341,0.38623361508924353
1516117444146,1114.77518897,1116.86150628,1114.77518897,2.82104867,7.587335230000001,0.3718102053598072
1516117446386,1114.77518897,1116.86150628,1114.77518897,2.76604867,7.587335230000001,0.36456128352720746
1516117449127,1114.77518897,1116.86150628,1114.77518897,1.26604867,1.0562261300000002,1.1986530479036717
1516117450264,1114.77518897,1116.86150628,1114.77518897,1.26604867,1.0013636300000002,1.2643245990470013
1516117452171,1116.86150628,1117.755,1116.86150628,1.26604867,1.0013636300000002,1.2643245990470013
1516117456591,1116.86150628,1117.755,1116.86150628,1.26604867,1.0013636300000002,1.2643245990470013
1516117457708,1116.86150628,1117.755,1116.86150628,1.26604867,0.9907103100000001,1.2779201520573658
1516117458382,1116.86150628,1117.755,1116.86150628,1.20104867,0.9907103100000001,1.2123106602171123
1516117460158,1116.86150628,1117.755,1116.86150628,0.11102579,0.7015477800000001,0.15825834414300333
1516117462242,1116.86150628,1117.755,1116.86150628,0.11102579,0.29635182,0.3746418361797137
1516117465230,1116.86150628,1117.755,1116.86150628,0.05802579,0.29635182,0.19580034973296268
1516117466204,1116.86150628,1117.755,1116.86150628,0.0050257900000000005,0.29635182,0.016958863286211642
1516117468883,1114.77518897,1117.755,1116.86150628,0.00403559,0.29635182,0.013617564420559322
1516117471378,1114.77518897,1117.75499999,1116.86150628,0.00403559,0.29635182,0.013617564420559322
1516117472603,1114.77518897,1117.75499999,1116.86150628,0.006490580000000001,0.58766182,0.0110447535965498
1516117474251,1114.77518897,1117.75499999,1117.75499999,0.006490580000000001,0.58766182,0.0110447535965498
1516117478396,1114.77518897,1117.75499999,1116.86150628,0.006490580000000001,0.58766182,0.0110447535965498
1516117478518,1114.77518897,1117.75499999,1116.86150628,0.006490580000000001,0.58766182,0.0110447535965498
